2738 5032
347 314 351 321 ι
444 233 721 294 ununrr-nms
742 236 925 307 canuno.
1216 242 1272 295 rsa

89 386 287 458 Ῑιιοιιιιιιιιιιιι,1
308 392 515 459 Roscnmliller,
532 393 649 461 Gerard,
665 394 774 461 March,
789 395 906 468 aliisque
927 396 1080 461 innumeris
1095 395 1270 453 concinenti·

84 483 156 544 ltus.
200 488 317 547 Veteres
330 509 429 549 omnes
444 493 473 550 in
486 508 521 557 ea·
539 492 608 550 mire
622 493 802 563 conveniunt.
843 494 996 570 Origenes:
1020 495 1159 560 “Petnrs,
1180 512 1273 569 super·
1352 534 1359 579 ,-

92 603 181 656 quom
201 585 310 671 Christi
331 588 470 655 Ecclesia,
484 602 580 647 contre
601 609 684 662 qrrarn
705 591 855 663 inferorum
881 580 968 667 portae
990 612 1046 651 non
1069 594 1268 668 praevalebunt,
1351 584 1355 643 Ϊ

87 681 229 743 aedificato
242 696 296 753 eat,
307 705 390 744 unam
405 687 565 763 Epistolam
576 689 702 746 omnium
717 691 922 746 asseveratione
934 692 1113 765 approbatam
1126 691 1240 762 reliquit
1248 694 1272 747 ι’
1346 714 1353 759 ‚¹

86 772 386 859 mompsuestiae.
409 784 538 853 “Vidca,
557 786 793 858 quemadmodum
810 807 846 844 ex
865 787 972 845 Christi
987 787 1143 864 discipulis,
1159 790 1271 865 magnis
1334 776 1348 869 Ι]

87 878 188 950 utique
203 880 335 953 omnibus
349 892 378 939 et
389 883 524 949 excelsis,
533 880 615 955 atque
628 884 765 941 electione
779 884 882 960 dignis,
898 885 944 942 hic
958 896 1036 960 petra
1049 895 1174 949 vocatur.
1187 898 1270 958 atque
1334 898 1344 969 ’ἱ

88 972 231 1035 Eccleai'ae
246 977 425 1036 fundamenta
438 981 468 1037 in
482 980 566 1037 fidem
583 999 663 1038 suam
678 980 857 1057 accipiat.”³'
883 983 914 1038 S.
931 981 1156 1056 chrysostomus
1178 992 1197 1018 “
1209 982 1268 1041 Do-

92 1073 187 1132 minus
201 1074 255 1133 site
277 1076 323 1134 'l'u
338 1095 369 1134 es
383 1077 495 1145 Petrus,
509 1089 538 1135 et
550 1097 636 1155 super
648 1089 674 1137 te
689 1058 833 1137 edilicaho
846 1081 1006 1138 Ecclesiam
1021 1081 1162 1137 meam.”⁴
1195 1082 1267 1140 'Per-

20 1232 25 1237 ,
90 1168 246 1249 tullisnusr
265 1173 386 1231 “Latuit
398 1175 502 1247 aliquid
517 1175 642 1245 Petrum,
659 1176 837 1234 edificandae
852 1178 999 1236 Ecclesiae
1020 1188 1128 1254 petram
1142 1178 1268 1246 dictuma

93 1244 185 1326 olives
205 1271 286 1346 re'gni
305 1264 436 1350 calorum
457 1284 649 1340 consecutum,
664 1285 692 1330 et
711 1273 840 1331 solvendi
860 1283 890 1331 et
906 1274 1063 1350 alligandi
1056 1293 1084 1330 m
1103 1273 1179 1331 oaelts
1193 1286 1222 1331 et
1239 1275 1274 1333 in¹
1328 1332 1333 1337 .

93 1364 173 1422 terris
185 1370 378 1441 potestatem.l
417 1367 447 1424 S.
465 1369 647 1426 Ambrosius:
671 1368 799 1427 “Petrus
814 1380 891 1446 petra
904 1369 1053 1430 dicitur.”⁶

135 1458 202 1539 Otj.
216 1466 245 1520 ³.
267 1462 299 1519 si
321 1462 356 1520 ad
376 1463 490 1523 Petrum
511 1464 644 1523 reseratur
664 1477 751 1541 petra,
773 1465 953 1542 intelligendu
973 1479 1016 1524 est
1036 1466 1107 1525 lides
1133 1467 1212 1526 Petri
1233 1466 1270 1525 de

38 1636 47 1657 ,
87 1557 206 1617 Christo
218 1560 293 1618 Filio
307 1561 373 1629 Dei,
388 1563 481 1638 potius
501 1581 585 1636 quam
599 1562 707 1619 homo
700 1581 779 1670 ipse:
802 1562 844 1621 sie
858 1563 970 1685 plurimi
985 1566 1084 1624 Patres
1099 1584 1162 1625 eam
1176 1566 1269 1644 expli·

89 1663 219 1714 ouernnt.
318 1672 321 1677 ⁴

124 1751 216 1831 Resp.
239 1754 322 1813 Petra
335 1753 590 1818 debetnecessario
604 1755 700 1814 referri
714 1754 749 1813 ad
763 1755 900 1813 Petrum
893 1774 997 1831 ipsum,
1012 1776 1070 1815 non
1085 1759 1162 1817 euim
1176 1759 1271 1836 ipsius
1295 1780 1303 1797 ι
1339 1774 1343 1827 j

84 1849 159 1908 fides
173 1850 248 1911 dicta
258 1862 302 1910 cst
314 1863 402 1928 petra,
417 1852 558 1929 sedipse:
589 1852 666 1910 “Tu
680 1871 711 1910 es
726 1852 839 1933 Petrus,¹
852 1862 880 1909 et
893 1870 979 1928 super
992 1853 1066 1911 hanc
1081 1865 1195 1929 petram
1217 1858 1232 1892 ι
1254 1858 1271 1892 *

81 1946 221 2017 tihidabo
235 1944 361 2016 clavos,”
376 1950 432 2007 dre.
463 1950 519 2016 Qui
534 1963 625 2008 sutem
640 1952 713 2007 inter
726 1951 826 2009 Patres
836 1950 924 2007 lidem
941 1950 1018 2008 Petri
1033 1951 1088 2008 hoc
1101 1951 1165 2009 loco
1176 1950 1268 2028 desig·

84 2045 148 2104 nari
161 2042 326 2121 docueruut,
341 2046 376 2104 de
390 2047 453 2123 ipso
467 2046 551 2105 fidem
574 2048 721 2122 profitente
735 2047 910 2123 intelligendi
924 2057 999 2115 sunt,
1013 2048 1054 2105 uti
1069 2048 1153 2105 facile
1168 2066 1268 2106 eornm

82 2141 248 2200 testimonie
262 2141 446 2218 perpendenti
458 2144 511 2200 orit
521 2136 710 2211 manifestum.
730 2143 901 2205 Extulerunt
912 2143 1025 2216 quidem
1043 2144 1169 2202 Hilarius
1182 2145 1270 2218 aliiq:

85 2249 185 2305 contra
198 2239 319 2305 Arianos
334 2239 419 2296 fidem
436 2239 472 2296 de
487 2239 605 2297 Christo
619 2238 701 2307 Deo,
710 2258 772 2311 que
787 2231 893 2297 tantum
907 2259 1011 2299 nomen
1026 2254 1054 2297 et
1062 2260 1169 2299 munus
1184 2242 1269 2317 profi·

84 2337 158 2397 tenti
171 2337 288 2399 meruit:
312 2337 366 2396 “0
381 2338 410 2395 in
424 2338 633 2413 nuncupatione
649 2338 715 2395 novi
729 2324 854 2396 nominis
868 2338 937 2395 lelix
951 2338 1090 2396 Ecclesia
1104 2339 1270 2399 fundamen·

50 2508 54 2519 ι
82 2444 159 2501 turn,
182 2434 324 2513 dignaque
348 2435 532 2497 aedillcatione
560 2432 636 2494 illiu's
654 2436 751 2513 petre,
773 2440 840 2509 quoe·
862 2437 986 2495 infernas
1014 2437 1091 2514 leges
1121 2448 1150 2497 et
1176 2424 1278 2498 tartari

41 2610 44 2615 ,
81 2542 191 2610 portas,
205 2542 235 2590 et
244 2533 343 2591 omnia
357 2535 454 2593 mortis
468 2534 588 2593 claustra
602 2533 785 2592 dissolveret!
815 2533 1031 2594 Obeatus-caeli
1048 2536 1155 2611 janitor
1164 2536 1194 2595 rt
1230 2536 1268 2594 0.

81 2628 146 2686 xvi.
159 2629 188 2689 in
202 2629 307 2687 Matth.
1266 2708 1269 2713 Ι

127 2723 196 2804 obj.
210 2729 240 2783 t.
260 2725 365 2784 Petrus
377 2727 555 2804 privilegium
570 2725 703 2785 fundandi
718 2726 876 2784 Ecclesiam
892 2724 1009 2802 adeptus
1024 2735 1076 2791 est,
1091 2744 1156 2782 nam
1170 2725 1265 2783 Judae-

81 2838 166 2881 orum
189 2822 242 2879 tiis
265 2822 354 2880 millia
374 2824 511 2897 concione
525 2823 560 2881 ad
581 2822 666 2881 fidem
688 2823 795 2899 primus
818 2813 944 2906 adduxit,
965 2830 994 2877 et
1014 2821 1144 2896 gentibus
1161 2822 1272 2896 aperuit

64 2919 223 2978 ὀοιιιιιιι.·..
245 2919 324 2997 Ergo
337 2918 390 2979 hac
404 2910 511 2979 rstione
525 2931 604 2997 petra
616 2920 707 2978 dictus
721 2929 773 2976 est.
817 2972 820 2977 ,
1032 2950 1051 2961 .,
1276 2966 1281 2975 .
1352 2980 1356 2992 ι

123 3008 214 3093 Reap.
231 3012 303 3074 -Non
315 3000 692 3093 fundamentum-quodlibet,
704 3014 753 3073 sed
769 3014 847 3091 petra
858 3011 948 3071 dictus
960 3025 1013 3083 est,
1023 3032 1096 3087 quae
1108 3014 1268 3073 firmitatem

64 3138 67 3143 ·
80 3118 114 3168 et
126 3113 340 3195 perpetuitatem
355 3113 538 3180 iudicat,·uon
549 3120 641 3171 rerum
656 3113 777 3177 initium.
808 3111 903 3169 Verba
913 3111 1027 3184 quidem
1037 3111 1107 3170 adeo
1119 3100 1269 3189 magnifica

80 3206 172 3266 Petro
184 3209 259 3269 dicta
272 3230 330 3269 non
344 3213 485 3287 patiuntur
498 3206 756 3295 interpretationem
770 3208 805 3268 de
819 3210 880 3266 sola
893 3219 956 3269 ante
970 3209 1041 3267 alios
1053 3210 1266 3266 annuntiatione

81 3306 255 3385 Evangelii:
277 3310 460 3382 quaestione
480 3309 642 3370 fundatoris
649 3319 678 3366 et
696 3308 851 3367 Architecti
870 3309 964 3384 potius
986 3327 1070 3380 quam
1091 3306 1268 3415 fundamenti

83 3402 305 3463 similitudinem
318 3415 437 3485 gereret
478 3408 493 3462 l
512 3405 637 3463 Corui
653 3409 682 3462 8.

75 3535 81 3545 ·
127 3485 237 3580 Ohj.5.
247 3501 392 3561 Christus
416 3500 628 3571 fundamentum
651 3513 694 3559 est
718 3501 876 3559 Ecclesim:
908 3500 1165 3583 ‘Fundamentum
1190 3460 1267 3559 tilitltl

77 3614 174 3657 nemo
177 3608 275 3675 potest
271 3618 400 3676 ponere,
408 3611 509 3676 praeter
522 3599 551 3656 id
562 3597 638 3671 quod
654 3599 776 3674 positum
788 3608 841 3664 est,
851 3598 926 3669 quod
940 3609 983 3657 est
997 3574 1129 3655 Christus
1143 3596 1264 3656 Jeeus.’

31 3742 34 3749 ,
84 3692 185 3755 lCor.
199 3697 241 3754 lii.
255 3703 284 3754 2.
320 3698 448 3773 Apostoli
465 3710 556 3755 autem
571 3715 670 3754 omnes
683 3694 862 3752 secundario
865 3706 906 3751 et
902 3706 1057 3770 pariter
1060 3694 1274 3770 “Superac'difi·

77 3794 137 3853 cati
146 3812 233 3871 super
239 3792 455 3851 fundamentum
466 3794 696 3870 Apostolorum
676 3804 708 3849 et
718 3791 956 3867 Prophetarum
978 3790 1085 3867 Eph.''
1067 3811 1097 3849 ιι.
1108 3795 1156 3852 20.
1171 3794 1262 3869 Apoc-

77 3893 142 3955 xxi.
162 3896 208 3950 tt.

110 3990 210 4068 Eesp.
233 3988 366 4051 Christus
391 3984 435 4051 c'et
455 3989 669 4048 fundamentum
696 3987 788 4061 quod
797 3975 921 4063 ponunt.
933 3987 1083 4063 Evangelii
1107 4006 1263 4065 precones,

76 4088 201 4171 salutem
222 4105 273 4163 per
287 4090 351 4144 etim
368 4084 561 4162 predicantes,
578 4087 626 4158 qui
641 4085 744 4143 idcirco
759 4068 902 4141 architecti
920 4093 1025 4159 gerunt
1035 4083 1162 4160 figuram.
1204 4085 1262 4142 Sed

76 4187 144 4264 ipsc
158 4182 234 4261 apud
249 4183 416 4265 Matthaeum
431 4182 613 4241 architectum
629 4190 665 4238 se'
679 4180 803 4246 exhibet,
818 4179 1089 4251 fundamentumque
1103 4180 1193 4257 ponit,
1208 4180 1263 4239 Ps-
1321 4262 1325 4267 .

61 4432 65 4439 ,
131 4359 136 4365 ’
191 4379 350 4439 innuo.
420 4440 422 4445 ,
669 4367 672 4373 ‘
803 4374 1093 4435 (inhaesimus.
1176 4386 1217 4419 α

215 4463 251 4525 (2)
269 4465 343 4528 Apud
355 4463 445 4513 Euoh
457 4460 565 4512 l.6hist,
577 4477 599 4510 c.
612 4461 650 4510 19.
810 4461 846 4520 (5)
864 4458 893 4507 L.
905 4458 934 4508 de
945 4474 1048 4522 prese.
1059 4458 1098 4507 21.
1197 4450 1200 4455 ’

178 4547 329 4607 ‘reione
344 4546 383 4605 26.
480 4556 498 4593 .’
621 4592 624 4598 ,
681 4562 683 4567 ·
807 4542 988 4603 (uisendi.
1221 4532 1225 4539 '

114 4632 118 4637 ¹
166 4702 167 4707 ¹
200 4633 275 4691 Vot„
293 4632 393 4693 ι.,-·21
454 4635 456 4640 ’
