2738 5032
487 252 542 313 DE
564 254 671 315 CEDE
694 254 877 316 Romans.
1213 263 1268 320 trs

88 426 157 480 que
170 408 205 467 ad
218 411 324 469 cultum
337 408 495 470 solemnem
509 413 616 481 attinet,
631 422 757 473 servetur
767 414 865 473 eadem
879 416 993 489 ubique,
1005 416 1103 474 saltem
1118 416 1165 475 ubi
1177 416 1268 475 cultus
1344 450 1348 463 ·

85 506 246 565 substantia
259 526 296 566 ex
310 509 413 565 rituum
428 509 559 567 varietate
574 510 724 586 periclitari
741 522 846 587 posset,
887 511 1020 571 Canones
1034 524 1126 572 autem
1143 514 1203 590 jam
1218 532 1269 590 per

17 670 22 677 ,
76 604 187 663 orbem
199 606 326 682 rigentes
338 618 405 664 sunt
414 608 575 665 executioni
590 607 737 685 diligenter
747 607 943 676 demandandi,
955 609 1164 686 dispensatione
1175 622 1269 671 umen

72 700 204 774 quaudo
218 703 372 779 oportuerit
385 722 529 772 concessa,
541 705 586 762 vel
600 706 737 763 contraria
749 706 961 773 consuetudine,
974 726 1035 780 quse
1048 707 1129 765 bonis
1143 708 1268 767 moribus

71 798 165 856 haud
180 797 351 867 adversetur,
366 818 418 857 nec
431 799 513 858 facile
531 801 590 858 tolli
611 803 711 878 possit,
725 803 876 875 aliquando
891 805 1012 862 tolerata.
1054 804 1088 862 In
1103 803 1269 863 Hierarchia

42 878 45 883 ¹
64 894 203 962 tuenda,
218 904 247 953 et
264 896 293 953 in
309 895 459 954 Canonnm
473 896 597 973 urgenda
610 900 785 965 executione,
801 918 902 976 magna
915 918 979 976 pars
994 902 1138 976 potestatis
1152 901 1269 960 Pontifi-

65 992 138 1050 niae
154 1002 291 1050 versatur.
333 993 414 1050 Sicut
432 1004 524 1051 autem
546 994 672 1070 plerique
686 1014 702 1051 a
717 995 902 1057 Pontificibus
923 996 1094 1072 prodierunt,
1107 997 1151 1054 vel
1164 1010 1239 1055 certe
1252 1017 1271 1055 a

67 1088 242 1159 Consiliis,
257 1088 396 1147 Pontifice
418 1089 563 1165 probante,
585 1090 622 1148 ita
636 1091 709 1148 valet
729 1110 816 1149 noras
839 1092 911 1150 serre
932 1092 1087 1169 legesque
1109 1094 1269 1152 universam

64 1194 220 1262 aspectant
232 1195 260 1243 et
273 1185 398 1262 obligant
416 1185 587 1251 Ecclesiam.
629 1186 701 1245 Hac
716 1198 808 1246 mmen
827 1199 949 1265 potestas
964 1190 992 1247 in
1007 1190 1089 1247 rebus
1103 1189 1137 1247 ad
1151 1191 1270 1251 salutem

65 1281 428 1359 spectantibnsversatur,
441 1298 498 1338 uon
509 1282 585 1339 enim
598 1299 718 1358 regnum
729 1282 848 1353 Christi,
860 1285 941 1361 cnjus
955 1284 1014 1343 obit
1027 1285 1114 1353 vices,
1128 1296 1173 1343 est
1184 1285 1270 1362 hujus
1285 1326 1289 1331 -

61 1377 199 1437 mundi.
281 1390 284 1397 '

126 1474 163 1535 In
186 1473 319 1534 Concilio
342 1475 516 1542 Florentino,
536 1475 644 1534 Groecis
667 1487 697 1534 et
719 1476 826 1535 Latinis
849 1479 1099 1547 consentientibus,
1122 1477 1271 1538 Pontificio

58 1572 240 1631 auotoritas
253 1570 416 1631 definitione
430 1571 561 1644 sequenti
574 1572 714 1648 explicata
726 1582 793 1644 est:⁸
828 1582 848 1609 “
858 1573 1018 1633 Definimus
1033 1575 1164 1633 Sanctam
1179 1576 1272 1651 Apos-

55 1668 203 1727 tolicam
216 1666 332 1734 Sedcm,
348 1658 376 1726 et
395 1667 556 1725 Romanurn
573 1667 742 1726 Pontificem
756 1685 949 1727 successorem
964 1689 1027 1729 esse
1042 1670 1077 1729 B.
1093 1671 1181 1738 Petri,
1196 1672 1271 1748 prin·

56 1763 161 1840 cipis
175 1761 389 1839 Apostolorum,
404 1774 432 1819 st
445 1781 541 1821 verum
557 1761 666 1821 Christi
687 1763 832 1830 vicarium,
854 1764 994 1836 totiusque
1017 1766 1155 1824 Ecclesia
1176 1776 1270 1843 caput,

55 1870 112 1919 et
121 1858 257 1919 omnium
268 1857 493 1919 Christianorum
509 1871 616 1937 patrem
630 1879 663 1917 ac
676 1859 819 1919 doctorem
833 1860 965 1926 existere,
981 1862 1077 1937 stipsi
1091 1863 1121 1920 in
1134 1862 1170 1920 B.
1184 1862 1271 1922 Petro

37 1955 235 2033 pascendi,
250 1956 375 2034 regendi,
388 1967 416 2014 et
428 1956 602 2033 gubernandi
616 1958 803 2031 uniyersalem
817 1954 977 2019 Ecclesiam
992 1978 1009 2015 a
1023 1957 1148 2016 Domino
1163 1960 1271 2018 Nostro

1305 1446 1315 1493 l

1320 2036 1330 2081 l

51 2052 100 2111 J
101 2072 159 2112 esu
173 2051 293 2110 Christo
315 2053 427 2130 plenam
451 2062 616 2133 potestatem
639 2053 775 2112 traditam
789 2072 863 2120 esse,
878 2053 1115 2126 quemadmodum
1136 2054 1221 2113 etiarn
1242 2055 1271 2113 in
1318 2082 1325 2115 r

53 2152 176 2229 gestis
191 2150 446 2235 (Ecumenicorum
461 2150 656 2239 Consiliorum
669 2161 698 2209 et
715 2153 744 2209 in
759 2152 853 2209 Sacris
869 2152 1033 2211 Canonibus
1048 2118 1322 2293 continetur&

581 2316 772 2375 concausam.

92 2486 97 2493 -
123 2443 177 2503 Ex
190 2443 248 2503 huc
262 2458 352 2523 usque
367 2430 519 2519 disputatis·
528 2442 617 2515 liquet
636 2442 830 2500 Ecclesiama
844 2442 961 2504 Christo
982 2445 1125 2505 fundatam
1139 2465 1203 2505 esse
1224 2464 1270 2505 so·

65 2539 218 2598 eistatem
239 2532 398 2606 hominnm,
421 2538 544 2597 divinam
568 2556 653 2612 quam
676 2537 793 2596 tradidit
809 2537 966 2598 doctrinam
989 2543 1191 2618 profitentium,
1215 2543 1268 2601 sub

72 2628 197 2695 rectore
210 2652 344 2712 supremo
358 2634 387 2694 in
401 2636 492 2703 terris,
507 2636 569 2712 ejus
584 2635 661 2693 vices
674 2634 812 2693 obeunte:
828 2654 891 2708 quae
904 2655 957 2713 per
969 2656 1069 2695 omues
1083 2657 1177 2695 rerum
1193 2638 1270 2695 vices

77 2730 122 2791 ad
142 2731 231 2789 linem
252 2750 343 2804 usque
356 2729 603 2791 mundivduratura
619 2740 672 2796 est,
688 2728 754 2788 fidei
774 2748 886 2788 summa
902 2731 1062 2798 concordia,
1078 2743 1106 2789 et
1125 2733 1270 2790 communi

88 2824 214 2900 quodam
226 2829 365 2906 regimine
385 2829 544 2905 conjuncta.
584 2826 671 2885 Juvat
685 2826 769 2902 igitur
783 2827 913 2898 quaedam
934 2846 1038 2903 ponme
1058 2846 1121 2900 que
1141 2828 1206 2886 inde
1228 2848 1271 2886 sa·

87 2936 212 2998 quuntnr
225 2926 373 3002 principia,
388 2925 422 2982 ad
437 2943 510 2997 qua,
525 2924 611 2982 veluti
628 2934 758 2990 tesseras,
773 2924 866 2981 omnis
881 2924 1013 2999 Ecclesia
1027 2943 1088 2998 quae
1103 2944 1155 3002 pro
1164 2925 1271 2983 Chris-

92 3021 165 3090 tiana
178 3022 277 3081 haberi
292 3021 358 3089 vult,
374 3032 417 3079 est
427 3019 591 3079 revocanda.
1142 3088 1145 3095 Ι

126 3118 153 3179 Ι.
172 3120 305 3179 Ecclesia
323 3139 388 3178 vera
408 3137 522 3196 semper
541 3117 660 3177 visibilis
673 3128 734 3186 est,
756 3117 883 3191 adeoque
903 3138 1018 3196 semper
1037 3121 1155 3180 indicari
1175 3130 1270 3199 potest

92 3235 217 3289 quanam
230 3235 267 3276 ex
281 3220 412 3277 omnibus
426 3218 574 3277 hominum
589 3216 769 3276 societatibus
782 3217 829 3284 sit,
842 3218 879 3277 ita
890 3229 922 3276 ut
932 3237 948 3275 a
959 3221 1068 3277 caeteris
1082 3220 1199 3278 omnino
1214 3219 1271 3277 dis·

94 3315 241 3392 tinguatur.
661 3382 667 3395 ,
749 3366 753 3371 .
921 3314 924 3323 '

128 3402 168 3471 11.
188 3409 286 3480 Quum
299 3413 449 3471 societates
464 3411 627 3471 Christiano
641 3413 756 3471 nomine
770 3412 921 3488 gloriantes
932 3412 1005 3471 iuter
1017 3431 1049 3470 se
1063 3411 1271 3487 distinguantur
1300 3471 1308 3487 ,

92 3508 224 3591 doctrinas
244 3510 414 3579 diversitate,
428 3521 458 3569 et
475 3510 622 3588 regiminis
642 3509 747 3577 forma3
769 3509 901 3569 Ecclesia
915 3508 1024 3568 Christi
1044 3511 1083 3567 ita
1102 3509 1186 3568 debet
1205 3528 1270 3570 esse

63 3652 67 3665 .
90 3607 210 3666 risibilis
224 3618 256 3666 ut
268 3605 344 3666 certd
358 3606 491 3684 cognosci
505 3606 596 3684 possit
606 3624 736 3678 quanam
749 3605 831 3674 fides,
841 3616 869 3663 et
879 3624 1007 3678 quaenam
1022 3606 1168 3683 regiminis
1179 3609 1270 3668 forma

89 3704 122 3763 in
136 3704 184 3762 illa
196 3706 356 3763 necessario
370 3705 464 3781 vigere
478 3703 587 3762 debeat.

78 3836 81 3841 -
105 3830 108 3835 ·
130 3798 184 3859 111.
206 3800 303 3859 Exeo
318 3810 410 3859 antem
421 3799 497 3872 quod
510 3799 641 3859 Ecclesia
654 3788 790 3875 perpetua
800 3799 847 3866 sit,
856 3818 907 3856 san
918 3798 1126 3870 indefectibilis,
1141 3805 1270 3877 sequitur

90 3896 245 3973 quamlibet
265 3896 436 3965 Ecclesiam,
451 3917 500 3956 seu
522 3899 684 3955 societatem
698 3894 900 3964 Christianam,
917 3915 978 3970 que
993 3897 1088 3971 aliquo
1105 3907 1232 3978 tempore
1252 3923 1269 3961 a

91 3991 202 4051 Christi
215 4003 244 4052 et
257 3994 557 4070 Apostolorum-etate
577 4013 635 4053 non
654 3993 756 4061 extitit,
770 3993 815 4051 vel
836 3994 931 4066 aliquo
951 4004 1077 4071 tempore
1097 3996 1268 4066 visibilitate,

90 4082 208 4160 unitate,
220 4091 339 4164 aliisque
350 4078 545 4151 essentialibus
557 4091 695 4151 Ecclesia
708 4092 923 4168 proprietatibus
931 4110 994 4166 non
1005 4092 1043 4151 sit
1055 4093 1162 4170 gavisa,
1172 4112 1268 4154 veram

93 4185 203 4247 Christi
222 4189 382 4248 Ecclesiam
397 4209 453 4251 uon
467 4202 541 4248 csse.
642 4246 644 4251 ,
876 4242 879 4251 ,
1053 4260 1056 4267 1

130 4282 356 4361 Peremptorium
374 4286 462 4363 ‘igitur
475 4295 519 4343 est
533 4296 728 4363 argumentum
742 4295 838 4367 contra
850 4267 971 4344 noiieas
985 4305 1085 4359 omues
1103 4299 1204 4354 sectas,
1220 4306 1268 4345 eas

93 4388 157 4437 ante
176 4380 303 4457 Lutheri,
320 4381 443 4451 Caluini,
459 4381 602 4460 Weslcyi,
617 4382 702 4451 Fosi,
717 4382 762 4441 rel
781 4382 852 4443 alius
869 4384 1078 4461 cujuscumque
1087 4384 1209 4445 auctoris
1223 4383 1268 4441 sui

94 4486 222 4556 tempora
234 4496 291 4541 non
305 4479 442 4539 extitisse.
542 4515 546 4521 ·

359 4586 362 4591 ’
447 4594 482 4656 (1)
498 4593 755 4650 consuesse-‚c
768 4574 915 4645 resanat
