2738 5032
376 277 924 403 nuc'rorn'rnups,utsuonrcn
1221 294 1259 391 ss

47 425 152 504 Quod
165 434 264 507 autem
275 467 370 526 regem
386 450 444 508 illis·
456 446 555 508 diebus
570 458 627 508 ιιοιιΙ
642 449 730 533 luisse
745 451 774 509 in
787 447 874 533 lsrael
895 456 985 510 notat¹
998 463 1104 518 auctor,
1120 462 1258 509 rectorem

58 547 282 621 quemcumque
297 548 347 619 qui
361 547 488 606 ordinem
503 557 628 606 servaret
641 542 768 606 defuisse
780 538 917 627 designat.

111 639 175 720 Obj.
189 646 219 700 4.
242 642 320 700 Libri
336 643 447 720 Regum
460 643 516 702 dno
532 644 639 720 priores
654 645 682 702 in
696 643 838 703 Hebraico
851 646 949 704 codice
962 647 1104 704 Samuelis
1115 645 1256 715 dicuutur,

68 739 194 800 quanvis
209 739 355 815 pleraque,
374 758 409 797 eo
425 748 545 808 mortuo,
561 742 715 799 evenerint.
757 741 799 799 Ita
813 742 913 800 Paine.

108 831 196 911 Hesp.
218 835 361 893 Samuelis
375 855 480 894 nomen
500 836 565 895 ideo
582 837 693 895 dnobus
713 836 770 895 illis
790 839 869 896 libris
893 838 1003 896 videtur
1020 838 1164 910 tributum,
1179 838 1256 913 qnod
1347 824 1359 839 ⁸

10 960 20 985 ι
76 929 179 1004 ceperit
192 942 417 1006 prosecutusque
433 932 514 990 luerit
529 933 661 991 volumen
675 952 766 1007 usque
787 933 823 992 ad
837 934 1006 1012 vigesimum
1022 937 1162 1008 quintum
1171 936 1257 1012 primi

75 1017 125 1083 libri
138 1037 236 1104 caput,
252 1027 328 1100 quod
339 1048 355 1086 a
365 1029 479 1087 Nathan
494 1040 522 1088 et
536 1029 598 1088 Gad
612 1012 784 1107 completuiu
801 1042 853 1099 est,
865 1033 891 1088 si
906 1031 943 1089 de
952 1040 989 1101 e'p·
1001 1032 1084 1090 liceat
1099 1033 1256 1111 intelligere

75 1123 161 1194 q'uod
152 1144 184 1183 ιιι
197 1125 271 1184 libro
285 1126 524 1204 Paralipomenon
537 1127 688 1207 legitnr2‘
692 1129 812 1187 ‘Gesta
818 1141 910 1187 autem
927 1129 1019 1187 David
1034 1131 1109 1207 regis
1126 1131 1218 1207 priora
1228 1141 1257 1189 et

72 1223 224 1293 novissima
237 1225 341 1300 scripta
355 1236 422 1282 sunt
443 1224 473 1282 iu
486 1224 559 1284 libro
571 1224 714 1284 Samuelis
728 1227 860 1294 videntis,
876 1238 904 1285 et
919 1227 947 1285 iu
962 1227 1034 1285 libro
1050 1226 1165 1285 Nath'an
1187 1228 1257 1287 Pro·

69 1317 167 1394 pbetae,
180 1329 209 1377 et
220 1317 250 1378 in
260 1319 403 1378 volumine
417 1321 482 1380 Gad
493 1319 663 1380 videntis.'’-¹
683 1333 703 1359 ⁸⁶
717 1323 862 1391 Creterum
878 1335 909 1382 ut
919 1325 957 1382 de
967 1324 1111 1383 authentia
1119 1324 1256 1383 librorum
1345 1314 1360 1371 .'

69 1426 187 1483 constet,
209 1401 327 1476 necesse
349 1418 473 1476 uon'est
486 1428 593 1477 certum
617 1420 739 1492 aliquem
763 1420 911 1499 designare
937 1427 1084 1490 autorem}
1102 1420 1256 1498 genuinam

66 1513 174 1571 scilicet
187 1532 252 1572 esse
266 1521 295 1572 et
309 1528 437 1573 veracem
451 1523 545 1573 r‘cruur
559 1525 700 1592 gestarum
716 1514 892 1584 relationem,
908 1537 944 1576 ex
964 1519 1034 1596 ipssi
1050 1518 1152 1593 quibus
1167 1516 1256 1575 conti·

64 1620 162 1689 gerunt
170 1610 345 1689 temporibus
354 1612 389 1670 ad
400 1622 453 1670 uo's
468 1613 592 1671 derivata
601 1613 713 1690 publica
723 1615 817 1689 gentis
827 1614 976 1674 traditione
986 1617 1085 1689 liqu'et.
1110 1615 1254 1675 Novimus

67 1706 253 1767 consecuisse
272 1710 423 1786 p't‘ophetas
439 1709 567 1783 aliosque
588 1710 731 1787 publicis
724 1723 850 1767 mse'rerc
868 1712 1077 1771 commentariis
1098 1712 1258 1789 praecipuas

65 1821 165 1884 regum
183 1806 309 1866 senones
329 1826 537 1897 regnorumque
560 1818 689 1872 eventus.
710 1808 759 1864 Sic
779 1807 948 1884 legimust‘
952 1808 1078 1880 ‘reliqua
1092 1820 1185 1866 antem
1200 1826 1258 1866 ser·

63 1891 181 1963 inunum
201 1903 282 1962 Ozioe
304 1905 430 1981 priorum
451 1915 480 1962 et
499 1906 720 1963 novissimorum
736 1900 857 1981 scripsit
870 1905 958 1963 Isaias
976 1901 1055 1963 tilius
1075 1906 1166 1963 Amos
1187 1906 1257 1964 Pro·

62 1999 155 2076 pheta.
158 1999 195 2034 ”⁸
236 1999 387 2072 “Reliqua
400 2012 545 2076 gestorum
558 2000 698 2078 Josaplrat
712 2001 837 2077 priorum
864 2011 892 2058 et
906 2001 1127 2058 novissimorum
1148 2001 1254 2076 scripta
1273 2022 1279 2031 ·

62 2101 179 2159 suntin
195 2101 289 2181 verbis
309 2100 385 2158 Jehu
405 2101 457 2158 lilii
473 2100 598 2167 Hanani,
614 2109 679 2173 quae'
701 2091 851 2177 digessit
845 2119 874 2157 nr
896 2100 983 2158 libros
999 2105 1097 2178 regum'
1118 2098 1216 2156 Israel.
1219 2096 1256 2134 ”⁴

16 2218 22 2229 ’
63 2196 142 2256 Hinc
156 2197 224 2255 fuit
230 2170 303 2254 liber
315 2196 471 2255 verborum
491 2194 606 2253 dierum
625 2194 803 2262 Solomonis,
818 2193 891 2252 leber
899 2195 1056 2254 verborum
1068 2180 1185 2253 dierurri
1199 2193 1256 2252 Re·
1343 2246 1348 2259 ‚

63 2311 141 2372 gum
153 2292 248 2362 lude,
261 2312 383 2366 quornm
397 2292 506 2369 passim
519 2294 641 2352 occurrit
654 2293 773 2351 mentio.

101 2391 257 2450 Librorum
279 2384 393 2449 Veteris
418 2382 596 2470 Testamenti
619 2400 690 2463 qnos
713 2389 807 2448 Judaei
831 2396 998 2449 venerantur
1018 2389 1084 2448 ideo
1104 2389 1255 2448 statuimus

63 2487 268 2553 auctoritatem,
284 2496 315 2543 ut
328 2487 363 2543 iis
378 2486 408 2543 iu
430 2461 594 2543 Christiana
608 2485 663 2544 fide
685 2484 828 2562 probanda
843 2494 968 2544 utamur:
992 2485 1099 2555 “Quid
1114 2496 1158 2544 est
1179 2486 1256 2556 enim

66 2582 142 2641 aliud
155 2583 299 2656 hodieque
309 2593 381 2660 gens
389 2582 461 2658 ipsa,
472 2583 579 2658 (inquit
588 2584 780 2661 Augustinus)
793 2578 847 2640 uisi
862 2570 992 2656 quasdam
1004 2584 1149 2642 scriniaria
1159 2583 1258 2640 Chris·

62 2681 216 2747 tissimum,
226 2679 354 2757 bajulans
365 2680 457 2756 legem
468 2692 495 2737 et
507 2680 665 2757 Prophetas
678 2679 711 2738 ad
724 2679 916 2738 testimonium
927 2679 1095 2738 adsertionis
1103 2679 1255 2745 Ecclesiae,
1293 2714 1295 2722 ι

62 2788 93 2835 ut
105 2797 159 2837 nos
173 2777 348 2837 honoremus
363 2796 414 2854 per
427 2788 646 2863 sacramentum,
662 2776 738 2850 quod
753 2777 863 2834 nuntiat
874 2776 923 2833 illa
936 2794 988 2852 per
1003 2775 1179 2834 litteraml”?
1213 2796 1229 2820 ν
1287 2854 1289 2861 Ι

505 2914 534 2984 'c.
546 2934 590 2984 uc
607 2933 656 2983 uu
668 2931 804 2983 nussrn.

102 3055 240 3115 Divinam
248 3056 319 3114 licet
331 3055 461 3113 habuerit
471 3053 590 3139 Judaica
605 3054 718 3131 Religio
730 3055 880 3132 originem,
897 3067 1062 3114 nontamen
1077 3054 1129 3113 luit
1143 3072 1259 3130 semper

61 3152 204 3223 duratura,
219 3156 269 3213 uui
283 3155 358 3223 euim
373 3153 528 3231 geutidata
545 3153 692 3231 Religioni
707 3170 822 3212 cessura
844 3154 897 3213 fult
911 3173 974 3228 quae
989 3173 1089 3212 omnes
1104 3153 1258 3229 amplecte·

59 3238 144 3323 retur¹
159 3236 271 3332 gentes,
285 3253 405 3310 Abrabae
428 3253 535 3329 quippe
557 3251 664 3310 dictum
686 3239 745 3310 est:
769 3251 1005 3325 “benedicentur
1023 3253 1053 3310 i‘n
1076 3251 1188 3308 semine
1209 3259 1258 3306 tuo

60 3367 162 3408 omues
175 3362 276 3428 gentes
291 3349 424 3418 terrae';'’⁰
439 3360 467 3406 et
486 3350 587 3423 Moses
603 3348 759 3425 prophete,
772 3350 833 3422 qni,
848 3332 939 3425 i'psibs
955 3351 1052 3425 instar,
1069 3348 1125 3406 Dei
1140 3346 1256 3404 nomine

59 3443 233 3518 loqueretur,
247 3466 351 3505 novam
371 3435 481 3505 scilicet
494 3445 588 3503 dando
605 3446 713 3520 legem,
725 3446 933 3504 obaudiendum
949 3446 1073 3502 districte
1098 3440 1234 3520 precepit
1245 3463 1254 3501 ι
1265 3472 1278 3493 ι

62 3552 85 3579 “
95 3542 269 3622 Prophetam
284 3544 417 3622 degente
433 3532 480 3602 tua
493 3554 522 3602 et
536 3530 574 3600 de
585 3543 716 3601 fratribus
732 3544 801 3609 tuis,-
814 3544 888 3600 sicut
903 3562 958 3609 me,
974 3541 1122 3599 suscitabit
1135 3542 1185 3617 tibi
1199 3542 1259 3600 Do·

61 3639 159 3697 minus
173 3639 255 3698 Dens
276 3651 353 3708 tuus,
368 3641 465 3716 ipsum
486 3638 597 3696 audiess
617 3642 635 3675 l*
653 3641 680 3674 **
702 3637 876 3713 Prophetam·
899 3637 1041 3695 suscitabo
1056 3637 1098 3694 eis
1113 3636 1258 3695 demedio

59 3737 180 3797 statuum
192 3754 310 3795 morum
324 3737 448 3794 similem
463 3737 514 3803 tui,
529 3746 558 3793 et
572 3754 677 3812 ponam
695 3735 780 3791 verba
795 3753 858 3791 rnea
872 3735 901 3791 in
915 3752 964 3791 ore
980 3734 1053 3811 ejus,
1068 3730 1267 3809 loqueturque

64 3834 101 3892 ad
120 3854 172 3893 eos
194 3823 292 3894 omnia
306 3855 368 3907 quae
384 3854 546 3912 precepero
561 3835 611 3892 illi.
644 3834 703 3900 Qui
717 3845 809 3890 autern
824 3833 910 3890 verba
923 3833 985 3909 ejus
1001 3852 1063 3906 qnae
1083 3832 1215 3905 loquetur
1228 3833 1259 3890 in

59 3933 180 4007 nomine
187 3953 252 3992 meo
263 3933 358 3990 audire
370 3933 500 4000 noluerit,
510 3952 563 4009 ego
572 3933 646 3989 ultor
655 3930 823 3993 existam.”⁷
848 3930 892 3989 De
903 3951 937 3989 eo
945 3930 1046 3990 dicitur
1055 3930 1129 4008 apud
1140 3930 1255 3989 lsaiam:

61 4041 83 4068 ‘⁶
95 4042 196 4090 testem
207 4031 322 4108 populis
332 4030 482 4098 dedicnm,
493 4031 595 4088 ducem
606 4049 637 4088 ae
646 4018 1014 4108 praeceptorcmgentibus.⁸
1035 4029 1140 4088 Foedus
1151 4047 1257 4087 novum

59 4140 157 4206 aperte
172 4130 330 4188 enuntiavit
342 4130 501 4188 Jercmias:
526 4139 545 4165 ‘⁶
556 4130 634 4188 Ecce
650 4129 711 4186 dies
733 4129 848 4186 venient
862 4128 931 4187 dicit
944 4128 1097 4197 Dominus,
1113 4139 1141 4186 et
1158 4127 1257 4185 seriam

59 4226 161 4284 domui
172 4225 260 4285 lsrael
273 4237 302 4284 et
314 4226 412 4287 domui
420 4226 438 4287 J
440 4225 496 4284 uda
505 4225 593 4284 saedus
606 4244 730 4319 novum·
744 4245 802 4283 non
816 4225 973 4283 secundum
989 4239 1102 4303 pactum
1117 4224 1194 4296 quod
1208 4242 1257 4338 pe·

164 4401 199 4463 (l)
216 4399 273 4450 Jud.
285 4401 360 4459 xviii,
371 4383 411 4449 ³1ss
768 4400 904 4449 5·Cont1a=
915 4400 1035 4452 Faustum
1046 4397 1062 4451 l
1075 4400 1117 4450 xii
1127 4415 1150 4448 ιι.
1161 4397 1202 4448 23

165 4485 200 4546 (2)
219 4485 239 4535 1.
249 4482 307 4534 Par,
318 4484 382 4533 ιιίιίι.
392 4484 433 4533 30¹.
771 4484 877 4533 iiGeo.
888 4485 946 4533 xxii.
959 4485 1009 4535 18.

154 4598 157 4605 =
167 4556 255 4643 (3)·11.
265 4568 324 4619 Par.
333 4569 397 4618 xxvi.
408 4569 453 4618 22,
595 4570 597 4575 ’
770 4560 888 4619 lDeut.
899 4556 965 4618 xviii.
977 4571 1015 4619 15.

164 4653 199 4715 (l)
216 4651 252 4701 11.
263 4650 320 4701 Par.
333 4667 373 4700 xx.
384 4652 424 4700 ³4.

189 4737 263 4795 Vos.
280 4735 373 4794 I-ld
