2738 5032
114 270 170 329 l'tt
509 264 565 325 DE
586 264 695 324 SEDE
717 265 902 325 sotiani.

112 424 261 485 devotione
283 424 393 485 vincere
414 433 547 497 quantum
570 425 626 483 loci
648 425 809 483 auctoritate
830 434 945 502 superat
954 426 976 491 ;1
999 436 1027 482 et
1051 441 1103 499 pro
1124 420 1181 479 tide
1201 420 1363 478 scm&

112 520 217 579 sanctis
227 518 326 577 tradita
336 519 451 578 viriliter
461 519 640 588 contendere,
653 532 681 577 et
695 520 724 577 in
737 538 771 577 ea
782 519 879 577 iratres
893 519 1070 577 confirmare.
1110 517 1167 575 Est
1177 512 1363 589 quidenfl

52 664 56 669 .
112 616 235 694 depositi
257 616 346 675 divini
367 636 495 675 summus
517 628 622 684 custos,
644 618 673 675 in
695 618 758 695 ipsa
779 617 851 674 arcis
873 617 1033 674 summitate
1053 614 1119 673 fidei
1141 610 1353 691 integritati
1361 638 1363 643 ·

112 713 273 790 invigilans,
288 724 317 772 et
329 713 426 772 devios
440 734 458 771 a
470 714 593 771 veritatis
614 714 715 772 semita
735 713 832 791 procul
853 714 887 770 ab
908 713 1039 771 Ecclesia
1058 710 1157 769 abesse
1176 712 1313 788 jubens.
1329 706 1363 750 ¹

111 810 170 869 Per
191 830 256 870 eum
278 811 344 869 fidei
366 831 522 871 consensus
544 812 668 868 maxime
689 811 855 879 exhibetur,
881 812 929 883 qui
952 812 1027 868 enirn
1052 829 1102 886 per
1114 810 1214 867 orbem
1229 814 1327 866 sunt!
1336 804 1363 849 ¹

112 909 306 968 Ecclesiarum
321 911 455 987 praesules
469 929 535 967 eum
549 909 691 967 doctorem
710 911 836 969 omnium
852 908 1078 969 Christianorum
1093 918 1292 985 agnoscentes,
1307 902 1363 961 «¹

112 1023 149 1063 ex
171 1004 312 1064 cathedra
336 1007 413 1066 Petri
436 1005 599 1079 loquentem
624 1024 687 1078 quoe
711 1025 762 1081 per
786 1006 994 1082 Episcoporom
1023 1005 1236 1063 successionem
1260 1005 1293 1061 ab
1311 980 1363 1045 θ’

82 1106 93 1125 '
111 1104 259 1180 Apostoli
278 1123 369 1179 nsque
391 1115 587 1182 pervenemnt,
608 1104 725 1161 audiunt
746 1117 914 1171 reverenter,
936 1105 1048 1180 ipsique
1069 1102 1154 1161 iidem
1169 1113 1199 1160 et
1212 1101 1294 1159 tradi·
1326 1108 1363 1131 ‘

111 1200 219 1258 tionem
235 1211 371 1259 venustam
385 1201 415 1259 in
428 1201 488 1258 suis
509 1200 648 1259 Ecclesiis
665 1211 694 1257 et
713 1190 845 1258 universo
865 1200 971 1258 mundo
985 1201 1126 1276 vigentem
1146 1208 1292 1265 testantes,
1350 1212 1363 1235 ⁴

111 1297 281 1365 concinunt;
302 1296 371 1355 adeo
383 1309 414 1355 ut
424 1315 480 1353 una
492 1297 530 1352 sit
540 1314 595 1353 vor
610 1296 676 1354 fidei
690 1314 741 1372 per
751 1315 850 1353 omnes
864 1297 1001 1355 Ecclesirc
1016 1308 1118 1373 partes.
1153 1295 1295 1371 Symbola
1359 1314 1363 1325 ·

111 1402 255 1465 tamquam
277 1392 344 1450 fidei
369 1404 489 1449 tesseras
514 1391 839 1468 custodire,·explicare,
862 1404 891 1449 et
909 1402 1029 1450 statuere
1054 1391 1127 1449 inter
1150 1391 1294 1468 praecipua

111 1488 261 1546 Pontificis
285 1508 403 1546 munera
424 1491 492 1555 est,'
514 1498 543 1545 et
565 1488 696 1567 dogmata
716 1489 776 1565 jam
801 1488 916 1547 delinita
936 1490 971 1547 ab
994 1489 1073 1546 omni
1096 1488 1294 1547 hereticorum

112 1594 214 1642 conatu
229 1586 309 1652 tueri,
324 1586 398 1643 sicut
411 1585 494 1647 etiam
509 1604 596 1643 novas
610 1568 702 1645 edere*
714 1585 891 1643 definitiones
912 1596 1007 1643 contra
1026 1586 1208 1660 insurgentes
1220 1602 1304 1643 erro-1

111 1698 168 1749 res,
180 1681 309 1739 consulta
321 1683 400 1759 prius
413 1681 553 1741 Ecclesiae
565 1683 742 1749 uniuersalis,
758 1695 786 1740 et
799 1681 934 1741 Romans
950 1681 1033 1740 Sedis
1048 1679 1207 1759 traditione.
1248 1680 1295 1739 Dc

111 1779 248 1837 viantem
263 1791 291 1838 et
304 1782 465 1839 auctoritate
479 1780 691 1839 Pontificiarum
705 1780 901 1838 definitionum
915 1789 1013 1855 postea
1026 1778 1165 1860 dicemus·¹

151 1874 197 1934 Ad
218 1877 351 1935 unitatem
374 1877 520 1954 regiminis
544 1878 664 1953 pertinet
683 1887 714 1933 ut
735 1888 831 1952 pastor
851 1895 1001 1952 supremus
1024 1887 1151 1953 pastores
1172 1875 1296 1953 siugulis

111 1973 206 2050 gregis
220 1974 396 2050 portionibus
410 1984 488 2031 curet
507 1970 712 2048 praeficiendos,
728 1972 859 2045 quiores
873 1971 983 2031 Christi
996 1973 1114 2037 scientia
1126 1970 1252 2040 salutari,
1267 1982 1299 2030 et

111 2071 294 2128 sacramentis
308 2068 442 2126 divinitus
456 2068 528 2126 datis
541 2069 689 2146 ¹nutriant:
714 2068 741 2126 id
764 2070 839 2127 enim
861 2069 984 2128 officium
1007 2070 1069 2147 ejus
1090 2068 1174 2145 plane
1195 2069 1297 2147 exigit.

112 2166 177 2233 Qua
191 2177 284 2225 autern
298 2166 404 2224 ratione
418 2166 447 2223 in
462 2167 620 2242 pastoribus
635 2166 815 2243 designandis
837 2167 1045 2243 procedendum
1058 2167 1105 2233 sit,
1120 2166 1156 2225 ad
1170 2165 1300 2243 discipli·

112 2282 178 2322 nam
189 2263 382 2340 pertinetque
394 2282 446 2340 pro
457 2274 615 2341 temporum
628 2264 812 2337 locorumque
827 2264 986 2322 diversitate
999 2265 1160 2323 vadentem
1172 2265 1298 2341 patitur:

113 2379 197 2433 quam
208 2361 299 2418 fusius
311 2361 472 2437 explicandi
484 2373 610 2421 occurret
621 2374 720 2438 postea
730 2373 889 2438 opportuna
898 2364 992 2436 aliqua
1002 2363 1124 2421 occasio.
1156 2361 1191 2420 ld
1203 2372 1299 2421 autem

111 2456 362 2534 impraesentiarum
374 2458 651 2516 animadvertendum
663 2458 807 2526 duximus,
817 2472 932 2517 vacante
945 2460 1039 2533 aliqua
1047 2448 1188 2527 Ecclesia,
1198 2459 1299 2517 orium

111 2551 307 2611 derelictarum
327 2572 422 2611 curam
444 2554 514 2612 nulli
531 2555 578 2612 alii
599 2566 699 2629 preter
712 2574 796 2628 quarn
818 2556 902 2613 totius
917 2557 1000 2614 ovilis
1015 2536 1129 2634 pastori,
1144 2575 1182 2614 ex
1198 2567 1301 2615 namra

112 2650 199 2709 veluti
221 2651 271 2718 rei,
286 2661 315 2708 ct
328 2651 356 2707 vi
369 2651 413 2708 sui
433 2652 560 2709 muneris
582 2664 760 2728 competere:
786 2665 956 2730 quapropter
973 2656 1021 2731 jus
1044 2655 1106 2731 ejus
1124 2654 1161 2711 'in
1182 2666 1298 2729 pastore
1324 2668 1332 2685 “

112 2746 293 2827 praeficiendo
308 2757 351 2806 est
364 2749 480 2806 omnino
495 2749 715 2826 agnoscendum.
757 2749 899 2809 (laeterum
920 2771 971 2829 pro
986 2752 1115 2825 aequitate
1136 2750 1299 2809 Ecclesias-

113 2846 162 2904 tici
175 2847 321 2923 regiminis
336 2855 364 2903 et
377 2846 523 2914 suavitate,
538 2847 607 2905 illud
628 2848 816 2906 exercendum
838 2859 891 2914 est,
905 2867 939 2906 ca
955 2850 1059 2906 ratione
1073 2866 1147 2922 quaa,
1161 2847 1297 2907 omuibus

112 2942 239 3001 locorum
254 2953 470 3019 temporumque
490 2942 628 3021 adjunctis
646 2947 803 3021 perpensis,
818 2945 989 3003 videaturad
1011 2945 1149 3004 Ecclesiae
1163 2944 1298 3005 decom

114 3048 143 3095 et
156 3038 312 3096 animarum
326 3039 443 3097 salutem
457 3041 548 3116 magis
563 3041 715 3117 profutura.
757 3042 840 3119 Apud
855 3061 907 3101 nos
921 3040 1152 3103 commendantur
1162 3042 1197 3099 ab
1209 3040 1299 3119 Epis·

114 3136 194 3212 copis
206 3134 291 3191 totius
302 3135 453 3210 provinciae
466 3148 521 3193 tres
530 3154 602 3208 quos
613 3137 730 3195 idoneos
740 3134 929 3215 judicaverint
943 3138 1297 3211 Sacerdotss,e1quibns,

114 3234 139 3291 si
154 3234 193 3291 ita
205 3231 338 3291 Pontifici
353 3230 488 3298 videatur,
502 3252 589 3292 unum
604 3232 639 3291 ad
652 3233 804 3293 diaceseos
819 3238 944 3313 regimen
958 3237 1051 3314 eligat.

155 3329 289 3408 Supremi
303 3329 429 3387 Pastoris
443 3339 488 3387 eat
500 3331 584 3388 etiam
598 3330 731 3389 Pastores
745 3332 872 3410 singulos
886 3335 930 3391 sui
944 3334 1030 3392 officii
1048 3352 1172 3402 monere,
1186 3335 1268 3407 quod
1281 3356 1300 3395 a

115 3426 220 3485 Sancto
241 3424 326 3483 Petro
346 3423 376 3483 in
396 3436 448 3483 su'a
467 3426 762 3504 epistola'praestitum
784 3428 925 3487 vidimus:
950 3448 1056 3502 eosque
1076 3430 1154 3497 siid
1174 3429 1299 3509 implere

114 3522 299 3600 neglexerint,
311 3520 355 3579 vel
366 3530 463 3581 contra
475 3520 545 3579 illud
559 3521 738 3596 deliquerint,
751 3523 960 3584 Ecclesiasticis
975 3524 1108 3585 mulctare
1122 3525 1225 3602 penis,
1237 3526 1298 3587 ir'no

115 3621 150 3678 ab
163 3620 258 3679 officio
272 3638 411 3688 amovere,
427 3619 582 3694 quandoid
603 3622 793 3680 necessarium
813 3620 906 3681 vistim
926 3622 1018 3691 suerit,
1035 3623 1119 3699 juxta
1132 3622 1297 3683 Canonicsa

115 3716 286 3774 sanctiones.
951 3780 954 3785 ,
984 3773 986 3779 ,
1118 3704 1122 3709 ’

156 3810 299 3869 Pastorale
321 3795 386 3870 cum
406 3813 445 3870 eit
466 3813 602 3890 regimen,
625 3824 802 3873 mansuetum
821 3826 850 3872 et
868 3816 1020 3892 benignum
1040 3817 1078 3875 sit
1096 3830 1215 3876 necesse
1234 3828 1296 3877 cst:

117 3907 222 3966 idcirco
255 3909 332 3985 leges
363 3904 501 3967 Ecclesiae
529 3910 585 3968 dici
612 3923 819 3971 consueverunt
848 3912 990 3982 Canoncs,
1010 3914 1123 3979 Graeco,
1144 3917 1297 3987 vocabulo,

115 4005 220 4083 regulae
234 4006 341 4064 scilicet
354 4008 465 4084 agendi,¹
480 4009 582 4080 quibus
592 4018 696 4066 'umen
717 4010 892 4068 conscientia
908 4026 1002 4070 coram
1024 4011 1088 4072 Dso
1102 4024 1168 4071 ve'rc
1180 4014 1296 4093 ligatur.

118 4104 325 4181 communibus
345 4106 465 4182 legibus,
482 4116 618 4178 quatenus
640 4106 765 4165 locorum
786 4109 903 4166 varietas
925 4110 1037 4186 patitur,
1051 4111 1212 4171 universam
1232 4116 1297 4192 rsgi

48 4274 52 4283 .
118 4201 277 4261 Ecclesiam
298 4214 423 4278 oportet:
446 4204 565 4277 ideoque
586 4204 733 4263 Pontificis
747 4217 791 4264 est
811 4226 905 4265 curare
919 4219 951 4265 ut
963 4208 1121 4286 disciplina,
1136 4213 1297 4289 praesertim
1349 4266 1352 4271 .

124 4466 128 4473 ,
145 4417 185 4479 (1)
203 4417 314 4465 Vincent
326 4415 513 4468 Lertnscomm.
524 4437 545 4470 c.
556 4420 596 4469 vii.
680 4404 683 4409 Ι

150 4501 187 4563 (2)
199 4501 357 4549 *avidamus
376 4501 434 4563 quid
454 4503 572 4564 didicerit,
592 4503 713 4564 (Ecclesia
733 4504 852 4568 hemon)
872 4508 930 4570 quid
952 4508 1068 4567 docuerit,
1089 4524 1147 4558 cum
1167 4510 1302 4573 Africanis,

116 4602 211 4649 quoqne
223 4582 340 4634 Pcclesiis
352 4587 544 4636 consuerant?
576 4588 678 4639 Tertull.
690 4591 720 4639 de
732 4606 801 4654 praes.
812 4592 869 4640 har.
878 4608 902 4641 n.
911 4592 948 4639 ³6.
958 4609 980 4655 p.
988 4592 1043 4641 ets.
1052 4593 1087 4641 cd.
1100 4593 1214 4655 Lutetiae,
1224 4597 1298 4646 test.
