2738 5032
263 236 270 249 '
320 264 536 328 ιιιιιιοιιιιιι
557 267 659 327 uovr
679 266 965 343 'rus'tuunuvi
1214 270 1254 327 ιι

77 424 161 493 ultimi
174 442 241 502 pars
255 421 477 485 innocentum
492 426 683 503 manuscripto
694 426 802 493 codice,
814 425 863 498 qui
877 424 912 483 ad
926 444 978 483 nos
993 424 1130 501 pervenit,
1141 421 1254 482 deride·

77 535 155 589 ratur,
170 508 221 594 qui
244 522 338 581 etiam·
351 523 420 581 alias
441 520 544 580 deficit.
586 522 714 582 Historia
735 522 861 582 mulieris
881 521 1021 589 adultere,
1037 522 1066 579 in
1079 525 1138 579 ast
1159 538 1255 579 manu·

76 604 182 694 scriptis
197 617 354 686 codicibus,
367 629 396 676 et
409 622 428 677 6
441 619 675 696 Evangelisteriis
689 621 849 697 reperitur.¹
868 638 872 643 ·
889 618 934 675 De
945 619 1084 676 versiculo
1095 618 1124 675 in
1136 616 1256 694 epistola

75 713 189 779 loannis
204 727 306 792 postea
319 715 459 793 agendum
471 717 532 776 erit.
576 715 642 773 Hoc
656 716 820 782 notandum,
832 715 904 772 nihil
917 715 946 771 in
957 714 1027 772 locis
1039 712 1179 791 predictis
1190 730 1258 771 coa«

74 812 160 880 ιιιιοιι,
176 812 254 891 unde
268 812 373 890 pendet
386 813 555 889 evangelice
569 813 693 871 historia
707 814 819 871 veritas.

97 907 182 988 oaj.
200 914 232 966 4
254 909 445 987 Sepeaaepius
460 910 642 973 Christiane
652 911 742 969 Secta
762 911 846 967 sibi
838 909 960 967 invicem
974 910 1177 986 exprobrarunt
1196 925 1258 966 cor

74 1015 171 1097 ruptos
181 1005 297 1065 codices
311 1006 344 1064 ad
368 1007 496 1084 propria
502 1006 605 1065 tuenda
625 1006 773 1085 dogmata:
795 1005 871 1080 quod
886 1005 1001 1063 Celsus
1010 1006 1094 1064 etiam
1115 1005 1258 1063 Ethnicus

74 1103 136 1162 olim
150 1084 325 1162 ιιιιιιιιιιιιιε
339 1105 480 1162 universis
494 1105 1250 1180 objecit·

104 1199 198 1278 Resp.
222 1185 368 1267 Nonnulla
393 1201 505 1260 suerunt
528 1199 691 1278 hujusmodi
716 1201 869 1283 tentamina
892 1220 908 1257 a
928 1198 1067 1258 sectarum
1091 1198 1257 1266 fautoribus,

73 1295 145 1355 irrito
156 1306 253 1355 nmen
265 1307 376 1363 conatu,
386 1303 450 1354 nain
466 1314 523 1354 non
535 1306 686 1373 potuerunt
696 1298 844 1355 universos
856 1315 906 1373 per
914 1296 1011 1355 orbem
1023 1284 1119 1353 vitiare
1131 1294 1255 1353 codices.

73 1392 216 1452 Liberatus
233 1404 348 1451 testatur
361 1392 564 1468 Macedonium
585 1393 751 1470 episcopum
768 1392 1113 1470 constantinopolitanum
1134 1396 1269 1450 tenum

72 1498 174 1550 textum
186 1490 226 1549 D.
237 1491 319 1550 Pauli
330 1508 510 1567 corrumpere
523 1508 578 1547 una
589 1490 633 1548 vel
642 1491 727 1549 altera
737 1491 828 1549 littera
840 1501 952 1559 mutate,
964 1506 1028 1564 quae
1040 1503 1132 1549 umen
1142 1483 1268 1549 occasio*

74 1589 123 1647 ιιιιι
142 1599 178 1647 ιιι
202 1588 232 1647 in
260 1588 379 1646 exilium
406 1588 567 1664 pelleretur.
610 1576 749 1662 Origenes
774 1588 858 1645 etiam
884 1588 972 1646 Celso
996 1589 1065 1647 olim
1093 1587 1257 1664 respondite

73 1672 168 1745 “Non
179 1686 254 1744 alios
265 1686 337 1744 'novi
351 1686 400 1758 qui
414 1684 566 1761 Evangelii
579 1694 743 1743 contextum
757 1684 975 1750 immutaverint,
988 1704 1071 1757 quam
1087 1684 1257 1752 Marcionis,

72 1778 224 1851 Valentini,
239 1783 366 1841 fortassis
380 1792 409 1840 et
422 1774 541 1841 Lucani
552 1774 714 1840 sectatores.
717 1780 751 1816 ”³
792 1779 936 1838 Caeterum
950 1792 980 1837 ut
993 1782 1098 1857 sepius
1119 1782 1255 1848 diximus,

69 1883 125 1959 jam
138 1900 198 1968 nou
210 1882 305 1959 agitor
318 1880 359 1938 de
364 1899 425 1938 uno
437 1881 565 1945 alterove
585 1890 662 1938 textu
678 1894 734 1953 quo
748 1878 852 1991 dogma
872 1877 984 1952 aliquod
1005 1876 1141 1945 firmetur,
1156 1878 1207 1936 sed
1220 1877 1258 1936 dc

72 1981 151 2039 rebus
166 1979 266 2062 gestis,
281 1986 310 2034 et
321 1977 457 2034 librorum
471 1977 635 2035 substantia.

108 2074 200 2153 Prop.
217 2078 245 2132 3.
267 2074 434 2159 Evangelia,
456 2073 544 2131 hctus
565 2072 778 2149 Apostolorum,
800 2073 949 2146 ceterique
971 2071 1035 2151 libri
1058 2071 1136 2130 Novi
1156 2070 1260 2128 'l'esta

72 2172 165 2232 menti
170 2172 312 2230 summani
328 2170 480 2228 humanam
495 2178 524 2226 et
536 2169 698 2226 historicam
713 2180 855 2228 merantur
868 2169 964 2227 fidem.

108 2268 206 2327 Proh..
220 2267 460 2344 Scriptores-sunt
473 2265 617 2341 simplices
632 2265 774 2333 homines,
790 2266 895 2323 nullam
911 2266 1025 2349 fraudis,
1040 2263 1107 2333 doli,
1120 2266 1164 2323 vel
1178 2283 1258 2323 meu·

72 2365 139 2424 dacii
150 2363 538 2443 ··speoiem'praeseserentes‚
559 2352 617 2425 eed'
636 2363 753 2429 veritad,
772 2361 876 2429 virtuti,
900 2363 995 2439 pietati
1019 2362 1131 2421 addicti.
1173 2356 1275 2440 Stylo'

72 2463 161 2522 omnis
176 2462 243 2521 suci
248 2470 374 2537 experte,
381 2460 514 2523 veritatis
534 2459 624 2535 ipsius
639 2457 743 2526 iudice,
757 2479 806 2518 res·
817 2455 950 2518 referunt.
992 2459 1112 2530 Nullum
1134 2461 1256 2528 lucrum,

71 2540 300 2625 commodumve,
310 2575 347 2615 es
361 2557 431 2614 salsa
443 2557 601 2614 narratione
615 2557 670 2614 sibi
690 2567 842 2632 potuerunt
862 2558 1000 2633 polliceri,
1017 2558 1075 2616 aed
1085 2558 1180 2646 potius
1195 2558 1258 2635 plu

71 2657 203 2714 rimorum
229 2655 260 2712 in
284 2672 316 2712 se
340 2655 530 2743 provocabant
555 2642 662 2720 odium,
688 2665 716 2710 et
741 2654 976 2729 persecutionem.
1018 2638 1126 2711 Testes
1146 2655 1258 2711 suerunt

71 2751 171 2811 oculati
185 2750 385 2831 plerorumque
398 2759 460 2834 que
474 2749 637 2807 retulerunt.
678 2749 737 2806 Res
752 2751 838 2806 mirae
852 2767 979 2825 prorsus,
993 2748 1045 2806 sed
1058 2748 1153 2806 tomen
1166 2749 1256 2806 oculis

72 2857 208 2925 patentes,
230 2846 329 2923 palam¹
343 2846 372 2904 iu
393 2834 510 2922 templo,
526 2846 571 2911 vel
592 2864 686 2902 coram
707 2846 787 2902 turba
808 2844 968 2909 hominum,
992 2853 1113 2920 patratas
1134 2855 1256 2903 narrant.

72 2945 104 3004 lu
121 2944 224 3005 Jndaea
244 2944 378 3027 evulgata
392 2954 437 3000 est
459 2942 592 3000 Matthaei·
608 2942 738 3007 narratio,
760 2943 910 3019 septennio
931 2942 1042 3000 circiter
1061 2952 1132 3019 post
1146 2941 1262 3002 Christi

72 3051 205 3117 mortem:
231 3030 468 3115 aliaques‘cripta
489 3037 565 3114 apud
582 3038 667 3106 alios,
690 3038 759 3096 locis
782 3030 961 3114 temporique
981 3039 1048 3096 satis
1070 3032 1256 3116 propinquos.

72 3137 162 3197 ludaei
183 3137 262 3198 irrito
276 3147 376 3195 conatu
392 3137 561 3204 restiterunt,
577 3136 707 3213 plurimis
722 3137 856 3213 exipsis,
871 3156 935 3196 eum
953 3131 1054 3215 magna
1068 3138 1258 3197 Ethuicorunr

73 3234 260 3302 multitudiue,
270 3252 374 3292 rerum
378 3233 536 3295 evidentia·
541 3226 723 3292 cedentibus.
746 3233 821 3306 quod
836 3236 961 3293 maximo
975 3247 1018 3293 est
1032 3245 1197 3311 argumento
1211 3254 1256 3293 res

73 3324 171 3393 relatas
182 3333 340 3391 certissimo
352 3331 509 3388 innotuisse
524 3332 709 3391 testimonio:
738 3332 821 3397 Quae·
812 3350 857 3388 ea
869 3332 987 3389 aliorum
1000 3332 1134 3388 relatione
1147 3340 1265 3388 narrant·

74 3431 196 3499 Marcus,
208 3408 316 3497 Lucia,
326 3439 355 3486 et
366 3429 482 3494 Paulus,
494 3417 529 3485 ab
540 3429 657 3489 oculatis
669 3414 792 3513 derivata
802 3439 868 3488 sunt
879 3431 1014 3495 testibus;
1035 3439 1063 3484 et
1074 3427 1256 3504 saepesaepius

73 3529 173 3588 oculati
185 3526 339 3593 historici,
344 3523 474 3593 Matthaei
487 3519 604 3591 scilicet,
611 3524 664 3581 vel
677 3504 816 3590 ioannis,
813 3526 982 3583 testimonio
997 3511 1170 3599 ιιιιιιιιιιιιιιι.
1260 3570 1262 3577 .

112 3625 180 3701 (λιι.
201 3600 342 3715 hpostoli,
365 3641 453 3695 quum
478 3631 574 3679 essent
600 3618 753 3705 litterarum
776 3620 874 3688 ruder,
902 3621 1029 3679 miraculi
1054 3621 1149 3696 specie
1161 3618 1255 3680 facile

71 3722 201 3800 decepti,
212 3720 332 3799 Christo
356 3719 551 3786 adhaeserunt3
579 3728 735 3821 posteaque
758 3730 903 3775 narranmt
928 3717 1050 3805 plurima
1074 3716 1108 3774 ad
1133 3720 1268 3803 asseclas.

71 3821 124 3878 sibi
137 3816 354 3896 comparandos,
369 3825 398 3874 et
411 3816 605 3891 pecuniam.
1061 3838 1063 3843 v

109 3914 213 3992 Rcap.
218 3914 288 3972 Etsi
298 3904 428 3969 daremus
441 3911 570 3969 homiues
582 3911 680 3968 litteris
693 3924 792 3987 parurn
788 3908 930 3968 excultos
940 3910 1020 3967 sacile
1033 3928 1117 3986 posse
1129 3911 1257 3968 miraculi

72 4013 168 4090 specie
182 4011 287 4086 decipi,
303 4008 424 4085 plurima
443 4017 537 4066 tamen
557 4017 624 4064 sunt
639 4007 671 4064 in
687 4004 789 4080 quibus
803 4011 897 4074 nemo,
913 4007 1091 4080 quantumvis
1102 4006 1193 4075 rudis,
1209 4007 1257 4065 de·
1283 4076 1286 4080 p

70 4101 217 4187 cipiatur.¹
241 4101 347 4163 Ooeoos
368 4104 461 4167 statim
480 4104 572 4162 visum
595 4122 770 4181 recuperare,
792 4114 916 4162 mortuos
939 4104 1255 4181 resuscitari,1paneein

70 4206 201 4270 manibus
215 4201 491 4279 suiamult‘urlicatos
504 4219 562 4261 non
573 4203 675 4278 potuit
696 4201 773 4259 rudis
794 4201 890 4268 homo,
906 4203 950 4258 sui
964 4220 1092 4279 compos,
1108 4202 1163 4259 sibi
1185 4202 1257 4259 salac

461 4452 498 4541 (ι)
516 4463 578 4511 vue
590 4462 770 4512 cremauere
782 4442 869 4511 iocum.
1112 4522 1113 4526 Ἴ

384 4616 387 4623 ἱ
463 4546 499 4609 (2)
516 4547 645 4597 Liberatus
656 4547 765 4597 Breviar.
776 4563 797 4596 c.
808 4548 841 4597 ix.
913 4597 916 4601 ,
1000 4585 1006 4591 .

460 4631 498 4695 (3)
515 4632 616 4698 origen,
627 4632 643 4682 l.
654 4632 688 4682 iii.
698 4630 899 4683 contraOels'umr
925 4660 927 4669 ·
985 4628 988 4641 ⁸
