2738 5032
78 272 139 329 2⁶⁴
374 266 430 327 DE
451 266 671 327 EGCLESIAE
693 266 971 331 PEAESULIBUS.

78 424 249 505 potestate.”
290 428 307 463 ¹
347 428 363 463 ⁸
403 429 419 463 *
463 426 609 486 “Sublata
622 426 787 503 penitentis,
795 445 849 487 nec
862 427 920 487 ulla
933 425 1129 505 exomologesi
1138 423 1277 484 criminis

79 524 161 591 lacu,
175 523 317 599 despectis
331 524 486 600 Episcopis
500 536 584 597 atque
597 525 721 593 calcatis,
734 543 789 601 pax
803 525 1008 603 aPresbyter'rs
1019 524 1112 583 verbis
1123 516 1277 587 fallacibus

79 621 292 700 praedicatur.”²
331 622 508 681 Florentium
525 622 684 699 Pupienum
699 623 742 680 sic
756 622 924 697 alloquitur:
941 632 961 659 “
971 622 1138 682 Persecutio
1150 622 1276 685 valon!

79 730 108 777 te
121 717 156 776 ad
170 737 312 777 summam
327 718 460 795 Martyrii
481 717 684 776 sublimitatem
707 718 856 796 prorexit:
879 737 926 777 me
945 728 1037 776 autem
1052 700 1274 795 proscripiionis

80 834 168 875 onere
182 815 333 893 depressit.
375 815 451 874 Cum
466 816 579 892 publice
592 815 750 892 legeretur:
780 815 815 874 Si
834 816 903 894 puis
916 823 1002 884 tenet,
1023 814 1071 875 oel
1083 814 1220 893 possidet
1239 814 1276 875 de

79 912 165 972 dorsis
180 911 291 971 Caecilii
307 911 452 992 cypriani
463 911 608 990 Episcopi
624 912 883 972 Christianorum:
897 926 929 971 ut
940 914 1026 972 etiam
1039 913 1089 986 qui
1102 928 1164 972 non
1177 912 1274 971 crede·

78 1010 147 1070 haut
159 1011 225 1070 Deo
239 1011 419 1088 Episcopum
434 1011 626 1078 constituenti,
647 1011 694 1071 vel
716 1010 830 1071 diabolo
842 1011 991 1071 crederent
1009 1011 1194 1090 Episcopum
1209 1028 1273 1088 pro·

79 1106 222 1167 scribenti.
265 1109 330 1167 Nec
343 1108 405 1167 hec
414 1109 502 1185 jacto,
517 1106 569 1167 sed
582 1106 683 1166 dolens
702 1108 826 1185 profero,
847 1127 913 1170 cum
932 1118 960 1181 te
977 1107 1107 1185 judicem
1128 1106 1187 1165 Dei
1205 1122 1273 1167 con-

79 1206 190 1274 stituas,
204 1216 234 1265 et
247 1206 367 1285 Christi,
379 1208 429 1279 qui
442 1204 511 1263 dicit
524 1204 560 1263 ad
571 1205 738 1282 Apostolos,
749 1225 783 1265 sc
796 1225 848 1284 per
860 1205 917 1265 hoc
928 1205 964 1264 ad
974 1224 1075 1269 omncs
1084 1203 1270 1283 Praepositos,

79 1302 129 1375 qui
143 1303 291 1379 Apostolis
305 1290 411 1361 linaria
419 1301 605 1360 Ordinatioae
618 1301 774 1361 succedunt
783 1322 795 1361 z·
807 1302 876 1376 ‘qni
888 1300 968 1360 audit
976 1320 1038 1370 sos,
1047 1320 1095 1361 me
1104 1300 1204 1371 mdtt’
1212 1300 1269 1359 due.

79 1399 150 1461 lude
163 1400 242 1459 enim
254 1400 408 1459 schhmma
420 1408 450 1457 et
462 1398 586 1458 hareses
600 1399 705 1459 obortae
719 1409 795 1468 sunt,
810 1408 839 1457 et
853 1398 990 1467 oriuntur,
1001 1408 1031 1457 et
1040 1398 1210 1477 Episcopus
1222 1396 1270 1471 qui

52 1496 153 1557 ‘'unus
165 1508 218 1565 est,
232 1507 262 1555 et
274 1497 413 1556 Ecclesiae
424 1506 536 1573 praem,
551 1497 674 1575 superba
682 1494 869 1572 quorumdam
883 1497 1105 1574 praesumptions
1115 1494 1271 1555 contemni·

78 1606 133 1663 mr,
147 1606 176 1655 et
191 1595 281 1655 homo
292 1594 454 1673 dignatione
468 1594 526 1654 Dei
538 1595 705 1666 honoratus,
719 1595 853 1677 indiguus
866 1595 1032 1656 hominihus
1040 1593 1237 1672 judicatur.”⁸
1259 1648 1261 1652 ,

121 1690 187 1771 otj.
204 1696 233 1751 o.
255 1692 288 1750 S.
303 1690 501 1770 Hieronymus
514 1693 546 1753 iu
559 1691 676 1753 Oomm.
691 1693 728 1751 Ο.
743 1696 769 1751 l.
784 1692 880 1770 Epist.
891 1691 928 1751 sd
942 1690 1214 1768 Titum,sxplicans
1224 1691 1270 1757 ills

77 1789 181 1848 verba:
199 1798 218 1826 ‘⁴
228 1799 258 1849 et
270 1791 425 1850 constituas
440 1810 491 1868 per
504 1792 632 1851 civitates
646 1790 845 1867 Presbyteros,
860 1789 917 1849 dac.
958 1790 1080 1868 Oportet
1092 1789 1173 1849 enirn
1180 1788 1270 1866 Epis·

79 1905 186 1963 copum
199 1887 262 1947 siue
276 1886 395 1946 crimine
408 1886 506 1955 esse,’.'
522 1887 636 1945 scrihit:
647 1894 673 1933 ·“
683 1885 763 1957 Idem
777 1896 822 1944 est
833 1904 903 1963 ergo
916 1886 1071 1963 Presbyter
1081 1884 1133 1960 qui
1147 1895 1176 1943 st
1189 1883 1272 1963 Epis·

79 2000 188 2061 copus:
203 1993 232 2042 et
244 1994 395 2057 antequam
409 1983 514 2042 diaboli
528 1983 663 2041 instinctu
678 1981 772 2041 studia
784 1983 814 2041 in
828 1982 980 2061 Religioua
993 1983 1105 2051 fleant,
1116 1992 1151 2041 ct
1168 1980 1273 2040 dicere

79 2090 123 2140 tur
138 2082 168 2140 in
182 2082 314 2159 populis:
332 2081 415 2158 ‘Ego
424 2098 489 2139 sum
503 2080 596 2149 Pauli,
611 2099 665 2158 ego
679 2080 795 2159 Apollo,
809 2099 863 2159 ega
877 2091 971 2140 autem
982 2078 1115 2158 Cepha?
1127 2078 1274 2140 communi

77 2177 315 2256 Presbyterorum
341 2177 462 2237 consilio
483 2176 624 2245 Ecclesiae
646 2178 882 2256 gubernabantur.
923 2178 1082 2250 Postquam
1101 2194 1172 2238 vero
1187 2195 1274 2236 uuus·

80 2275 203 2348 quisque
216 2293 266 2333 eos
280 2293 354 2348 quos
365 2275 565 2352 baptizaverat,
579 2294 648 2334 suos
661 2293 726 2333 esse
735 2275 860 2352 putabat,
874 2292 934 2333 non
947 2268 1111 2343 Christi-in
1124 2282 1185 2333 toto
1196 2273 1274 2332 Orbe

80 2368 225 2429 decretum
235 2384 290 2439 est,
301 2382 333 2429 ut
343 2390 417 2429 uuus
426 2371 462 2430 de
471 2372 651 2449 Presbyteris
660 2371 758 2430 electis
767 2380 1004 2449 superponeretur
1011 2370 1133 2440 caeteris,
1141 2369 1177 2429 ad
1186 2376 1274 2444 quem

79 2467 173 2525 omnis
187 2467 336 2524 Ecclesiae
350 2486 417 2525 cara
428 2470 590 2545 pertineret,
602 2478 634 2526 ut
647 2469 833 2528 schismatum
847 2470 958 2528 semina
970 2469 1144 2529 tollerentur.
1183 2468 1274 2527 Putet

78 2560 181 2634 aliquis
189 2579 247 2619 nou
259 2562 477 2638 scripturarum,
489 2562 540 2620 sed
551 2577 677 2621 nostram
685 2560 939 2639 essesementi'am,
951 2564 1129 2643 Episcopum
1139 2563 1270 2623 etPres·

78 2658 209 2735 hytarum
218 2676 306 2721 uuum
316 2676 390 2727 esse,
402 2656 514 2719 etaliud
523 2659 621 2729 stads,
631 2659 781 2719 aliudesse
789 2679 895 2732 nomen
903 2661 992 2721 officii
1001 2681 1010 2732 ς
1020 2660 1126 2740 relegit
1132 2659 1269 2737 Apostoli

77 2754 114 2817 ad
125 2755 329 2833 Philippenses
344 2757 429 2815 verba
443 2756 578 2815 dicentia:
603 2757 731 2817 ‘Paulus
743 2766 772 2817 et
785 2758 957 2817 Timotheus
969 2759 1046 2817 servi
1060 2758 1132 2818 lesu
1146 2756 1269 2827 Christi,

77 2854 209 2913 omnibus
223 2854 328 2913 sanctis
342 2855 372 2912 in
382 2854 499 2912 Christo
512 2853 595 2923 Jesu,
605 2855 730 2928 quisunt
743 2855 898 2935 Philippis,
909 2874 976 2914 cum
987 2855 1145 2933 Episcopis
1159 2866 1189 2914 et
1199 2854 1279 2921 uta,

56 3014 61 3024 ¹
78 2951 170 3017 conia,
185 2952 273 3026 gratia
288 2952 367 3009 vobis
381 2961 411 3008 et
423 2971 488 3028 pax.
520 2952 650 3029 Philippi
670 2970 727 3011 una
739 2964 784 3010 est
795 2953 864 3011 urbs
880 2952 1079 3023 Macedonia,
1091 2952 1133 3012 Et
1147 2961 1225 3012 certe
1240 2953 1270 3011 in'

77 3064 136 3121 upa
148 3046 259 3103 civitate
279 3047 374 3123 plures
396 3048 441 3122 (ut
461 3040 677 3126 nuncupantur)
695 3049 837 3127 Episcopi
862 3068 926 3108 esse
951 3068 1008 3109 non
1032 3059 1173 3127 poterant.
1215 3048 1274 3109 Sed

4 3162 31 3167 ··
62 3143 145 3217 ·quia
165 3141 280 3200 eosdem
301 3143 464 3220 Episcopus
487 3146 536 3203 illo
560 3156 697 3221 tempore,
720 3165 792 3219 quos
817 3157 846 3204 et
864 3147 1052 3225 Presbyteros
1073 3146 1272 3225 appellabsnir

78 3253 229 3329 propterea
248 3240 441 3300 indifferenter
461 3241 496 3301 de
517 3242 684 3318 Episcopis,
699 3244 781 3316 quasi
798 3243 834 3302 de
856 3245 1046 3323 Presbyteris,
1061 3255 1106 3303 est
1125 3243 1275 3313 locutus.”
1311 3277 1324 3285 -

77 3340 188 3401 Laudat
200 3341 230 3401 iu
243 3339 366 3399 eundem
381 3341 478 3408 tinem,
494 3339 585 3399 Hehr.
603 3344 649 3399 ts.
667 3345 681 3398 l
697 3341 785 3400 Petri.
803 3347 832 3401 o.
850 3344 914 3405 Act.
928 3344 978 3402 2⁰:
994 3342 1096 3419 “Hmc
1110 3354 1272 3422 propterea,-

77 3451 109 3497 ut
121 3439 336 3499 ostenderemus
350 3438 426 3516 apud
440 3449 550 3497 veteres
572 3437 688 3498 eosdem
702 3438 792 3498 luisse
806 3440 1005 3519 Presbyteros,
1020 3459 1093 3515 quos
1107 3453 1137 3501 et
1149 3438 1274 3520 Episco-

77 3556 149 3614 pos:
179 3540 312 3617 paulatim
337 3526 415 3606 vero,
441 3550 472 3595 ut
493 3524 706 3597 dissensionum
730 3524 869 3616 plantaria
893 3540 1090 3610 evellerentur,
1119 3522 1155 3599 ad
1183 3558 1272 3603 uuum

76 3620 192 3693 omnem
206 3635 422 3695 solicitudinem·
435 3654 501 3693 esse
521 3634 652 3696 delatsmss
691 3624 773 3694 Sicut
791 3654 860 3714 ergo
880 3636 1044 3714 Presbyteri
1063 3637 1161 3696 sciunt
1175 3656 1215 3701 ‚se
1234 3656 1292 3709 exp

77 3731 216 3790 Ecclesiae
230 3730 491 3809 consuetudineei
505 3734 555 3806 qui
575 3734 630 3792 sibi
650 3734 820 3811 praepositus
845 3734 938 3803 fuerit,
958 3753 1024 3793 esse
1047 3722 1214 3812 subjectos,
1235 3736 1272 3794 its

78 3826 219 3903 Episcopi
239 3830 370 3889 noverint
390 3848 422 3886 se
446 3818 539 3906 magis
563 3829 779 3898 consuetudine,
794 3849 880 3903 quam
898 3822 1095 3908 dispositionis
1110 3831 1270 3903 Dominicc

78 3923 205 3990 veritate,
220 3925 400 4003 Presbyteris
412 3945 476 3984 esse
490 3927 660 4004 majores,.et
670 3927 699 3985 in
709 3946 862 3985 commuue
874 3926 976 3986 debere
987 3928 1150 3989 Ecclesiam
1162 3946 1271 4008 regere,

79 4020 222 4079 imitantes
243 4021 380 4099 Moysen,
404 4023 538 4097 quicum
563 4023 679 4081 haberet
702 4024 733 4081 in
756 4032 898 4100 potestate
915 4023 994 4082 solus
1018 4043 1142 4101 praeesss
1164 4025 1272 4103 populo

78 4116 176 4185 lsrael,
191 4118 369 4194 septuaginta
390 4120 486 4196 elegit,
499 4138 565 4177 eum
587 4120 690 4192 quibus
711 4120 850 4195 populum
866 4118 1038 4197 judicaret.”
1078 4119 1152 4181 lte'm
1173 4122 1270 4181 scribit

78 4213 268 4291 “Apostolum
281 4213 385 4273 diserte
397 4216 508 4284 docere,
521 4215 637 4275 eosdem
647 4234 711 4274 esse
723 4216 920 4293 Presbyteros,
930 4235 1002 4290 quos
1013 4227 1042 4276 et
1049 4217 1214 4296 Episcopus
1223 4219 1267 4288 ;”⁸

77 4309 164 4384 idque
174 4310 307 4387 plurimis
322 4312 597 4373 citatistestimoniis
612 4312 729 4391 probat:
746 4321 766 4349 ‘⁴
777 4312 959 4387 quodantem'
967 4325 1067 4392 postea
1077 4334 1151 4383 unus
1162 4317 1268 4377 electus

273 4504 308 4564 (l)
319 4502 362 4567 Ep.
370 4505 401 4551 55
411 4507 441 4554 ad
453 4507 604 4559 Cornelium.
800 4507 840 4573 (³)
851 4506 897 4572 Ep.
907 4508 938 4557 85
956 4507 987 4559 td
995 4506 1075 4574 Evsp.

273 4588 309 4651 (2)
320 4589 364 4651 Ep.
374 4588 412 4636 69.
970 4587 973 4591 ¹
