2738 5032
319 261 624 324 PENTATEUOHI
645 264 957 334 AUCTORI'I'ATE.
1221 269 1260 324 88

76 410 135 470 fide
148 415 181 472 ab
196 415 231 472 iis
247 418 295 489 qui
311 429 396 477 testes
416 423 500 480 etiam
521 423 624 482 oculati
645 425 765 492 luerunt,
787 437 905 502 excepta
925 436 1000 493 sunt,
1015 445 1070 484 non
1092 436 1158 483 sunt
1177 423 1260 482 vanis

67 510 243 586 conjecturis
259 513 435 573 infirmanda.
478 519 560 584 Quod
571 520 688 577 Tacitus
699 532 799 586 narrat,
815 521 1052 579 ostenditexitum
1068 521 1257 581 Israelitarum

66 604 157 664 Mose
172 607 254 675 duce,
270 628 311 667 ex·
322 611 454 699 AEgypto
473 615 560 671 luisse
575 617 708 674 concordi
722 619 806 674 etiam
829 618 1017 675 Ethnicorum
1032 635 1173 675 consensu
1187 616 1260 673 cele·

64 701 192 770 bialum,
208 708 349 776 quamvis,
365 709 424 766 suis
441 712 693 786 ,superstitionibus
714 712 869 779 studentes,
885 713 1015 788 adjuncta
1028 715 1068 770 rei
1090 713 1163 770 haud
1178 731 1258 770 acen-

63 810 129 858 rate
143 802 334 862 exhibuerint.
378 808 448 873 Quis
465 819 557 866 tamen
578 829 635 866 non
649 810 724 867 videt
739 812 896 869 Mosaicam
911 811 946 868 de
968 812 1059 888 plagis
1074 810 1257 888 AEgyptiacis

64 895 259 957 narrationem
274 902 323 959 illo
338 904 432 963 Taciti
447 907 608 964 testimonio
622 909 767 965 roborari?

113 995 181 1076 Obj.
197 1003 225 1056 2.
249 1001 340 1058 Sires
360 1002 429 1061 adeo
451 1006 528 1062 mirae
544 1015 572 1063 et
594 1007 711 1082 publicae
734 1007 928 1083 contigissent,
944 994 1048 1064 exteris
1069 1007 1152 1065 etiam
1176 1006 1257 1064 inno-

71 1094 195 1153 tuissent
213 1097 383 1168 nationibus,
399 1119 462 1172 quae
485 1102 601 1177 proinde
616 1119 664 1160 eas
682 1097 791 1161 in‘suis
812 1103 929 1179 regestis
945 1103 990 1160 vel
1010 1102 1201 1161 monumentis
1215 1120 1258 1160 re·

67 1184 223 1263 li'quissent
235 1195 375 1270 signatas:
399 1198 463 1254 silet
476 1216 542 1256 vero
562 1200 655 1257 omnis
676 1200 803 1269 historia,
817 1200 983 1272 nullumque
998 1200 1149 1276 vestigium
1170 1208 1210 1256 tot
1223 1216 1256 1256 ao

71 1294 211 1346 tantorum
225 1292 347 1366 reperire
362 1303 415 1353 est.

109 1382 200 1462 Resp.
222 1386 360 1459 Pleraque
382 1408 478 1446 eorum
501 1408 565 1462 quae
586 1393 669 1449 refert
690 1392 789 1449 Moses
811 1391 885 1468 apud
905 1391 1047 1450 israelitas
1068 1391 1255 1468 contigerunt,

76 1500 193 1554 quorum
207 1485 335 1543 notitiam
350 1486 462 1544 exteros
477 1488 550 1551 haud
562 1488 694 1546 babuisse
707 1491 806 1547 mirum
823 1510 880 1547 non
894 1490 975 1547 foret.
1007 1490 1149 1547 Praeterea
1162 1486 1256 1547 nullus

78 1585 205 1656 superest
227 1566 347 1658 scriptor
361 1584 484 1640 historiae
507 1585 629 1660 profanae
652 1584 798 1642 Herodoto
819 1587 904 1661 prior,
920 1587 970 1659 qui
984 1586 1061 1642 mille
1075 1587 1156 1643 annis
1171 1586 1257 1644 Mose

78 1677 213 1751 posterior
235 1688 287 1734 est.
329 1681 488 1756 Artapanns
511 1693 616 1746 autem,
640 1680 782 1737 Diodorus
806 1681 930 1746 Siculus,
951 1660 1082 1739 Justinus
1103 1681 1200 1739 etalii
1221 1680 1257 1738 de

78 1772 158 1833 Mose'
169 1768 276 1832 faciunt
285 1777 467 1844 mentionem,
479 1797 563 1850 quem
579 1779 662 1836 etiam
673 1778 784 1835 Plinius
794 1787 822 1834 et
832 1777 971 1852 Apuleius
986 1790 1128 1850 tamquam
1142 1797 1257 1855 magum

74 1872 281 1930 celeberrimum
302 1883 407 1930 notant.
450 1876 579 1952 Vestigia
600 1876 684 1931 etiam
707 1875 827 1950 plurima
851 1884 950 1930 eorum
967 1891 1030 1944 quae
1053 1874 1153 1930 Moses
1173 1873 1258 1930 re'lert

76 1968 144 2044 apud
164 1968 315 2046 plerasque
337 1971 464 2028 nationes
486 1971 648 2048 diligentius
669 1971 885 2047 inspicientibus
906 1978 1051 2046 apparent,
1066 1969 1107 2024 uti
1128 1967 1209 2026 docte
1231 1983 1259 2026 et

74 2065 217 2144 ingeniose
232 2066 355 2125 ostendit
369 2066 502 2127 Hnetius.
892 2070 895 2083 '
1055 2068 1058 2073 ’

70 2243 73 2251 ,
111 2164 183 2244 obj.
196 2169 224 2222 3.
246 2164 379 2222 israelitae
394 2167 449 2242 ipsi
463 2168 547 2227 rebus
560 2167 647 2244 gestis
659 2168 752 2224 Mosis
765 2184 823 2224 non
836 2164 1138 2223 videntnr'adbibuisse
1152 2164 1257 2222 fidem:

75 2276 135 2322 nam
148 2264 206 2322 levi
221 2264 345 2335 qnalibet
359 2285 395 2322 ex
409 2267 559 2338 occasione
573 2268 791 2333 murmurabant,
807 2278 835 2323 et
850 2267 963 2331 Mosen,
979 2265 1038 2322 imo
1053 2263 1147 2322 Deum
1163 2265 1257 2341 ipsum

38 2407 41 2421 .
75 2350 252 2438 rejiciebant3
269 2359 345 2432 quod
358 2362 407 2418 vix
419 2363 582 2439 contingere
594 2364 694 2440 potuit,
708 2363 731 2418 si
747 2372 821 2419 tanta
836 2362 964 2438 prodigia
975 2361 1031 2437 ipsi
1045 2371 1163 2418 nossent
1177 2362 1258 2418 sacta.

76 2457 236 2518 Decorum
258 2458 450 2519 incredulitate
471 2473 587 2534 questus
609 2462 710 2519 dicitur
732 2463 829 2520 Deus:
854 2463 1043 2535 “Usquequo
1063 2480 1122 2519 non
1146 2459 1261 2518 credent

75 2556 141 2613 mibi
156 2556 186 2614 in
201 2558 335 2614 omnibus
350 2558 450 2634 signis,
467 2578 528 2631 quae
544 2560 597 2615 leci
613 2577 706 2616 eoram
722 2560 763 2616 eis
773 2558 820 2614 l''²
929 2561 931 2565 ’
1142 2551 1147 2563 ’

109 2651 199 2730 Reap.
222 2655 299 2721 Mira
310 2653 425 2726 quidem
437 2656 523 2712 animi
537 2654 648 2712 levitate
662 2655 795 2712 lsraelitaa
807 2674 823 2711 a
835 2654 898 2712 Deo
910 2654 1031 2712 deficere
1043 2653 1171 2711 solebant
1183 2653 1213 2709 in
1225 2670 1260 2708 eo

74 2754 120 2826 pe'r
133 2751 279 2807 desertum
301 2736 409 2817 itinere,
430 2751 476 2807 vel
501 2752 600 2807 saltem
624 2752 652 2806 in
675 2751 801 2823 querelas
825 2769 983 2824 erumpere,
1005 2751 1177 2818 Mosemque
1198 2747 1258 2802 suis

76 2844 204 2905 lamentis
214 2846 345 2922 fatigare:
359 2845 423 2920 inde
433 2857 526 2904 autern
535 2847 637 2903 confici
647 2847 744 2918 nequit
753 2845 1033 2921 ipsos'prodigiorum
1043 2863 1105 2915 quae
1115 2853 1260 2899 narrantur

75 2961 126 3002 non
139 2944 230 3002 fuisse
245 2954 341 3012 testes,
356 2962 422 3001 nam
442 2944 592 3019 pertinacis
608 2944 694 2999 animi
708 2953 736 2999 et
749 2943 784 3000 ad
805 2954 898 2999 motus
920 2942 1038 2998 rebelles
1060 2940 1192 3016 proclivis
1207 2937 1259 2997 eos¹
1349 2964 1356 2979 ·

75 3040 157 3105 luisse
170 3041 264 3112 liquet
278 3051 384 3098 extota
398 3035 645 3116 rerumgestarum
662 3040 744 3097 seriei
788 3028 882 3105 Quum
905 3039 989 3114 igitur
1002 3039 1079 3116 gravi
1091 3054 1259 3114 ’premeren-

76 3145 113 3196 tur
121 3139 228 3214 saepius
238 3150 331 3194 rerum
342 3138 447 3214 inopia,
459 3149 486 3194 et
496 3138 615 3212 plurima
631 3145 790 3214 peterentur
800 3136 906 3194 itineris
917 3135 1107 3210 incommoda,
1117 3154 1173 3192 non
1187 3133 1258 3190 ade‘o

77 3244 114 3291 est
128 3232 300 3300 mirandum,
313 3252 362 3292 eos
377 3253 511 3291 sensuum
528 3234 714 3300 delectationi,
728 3234 790 3291 cibo
806 3234 940 3309 potuique
955 3233 1106 3297 inhiantes,
1120 3247 1218 3307 graves
1230 3229 1260 3286 in

79 3330 192 3390 Mosem
206 3320 342 3405 effudisse
355 3332 493 3403 querelas.
537 3331 620 3397 Quod
635 3343 729 3388 antem
740 3331 835 3388 divino
846 3330 921 3388 cultu
933 3330 1051 3405 abjecto,
1064 3327 1182 3384 vitulum
1191 3312 1261 3381 'con-

77 3428 186 3488 flatilem
208 3428 384 3486 adoraverint
405 3430 505 3496 semel,
520 3430 622 3486 lactum
639 3431 736 3486 eston
746 3429 948 3485 diuturniorem
972 3426 1065 3484 Mosis
1091 3423 1270 3490 absentiam,=

76 3543 152 3598 quem
167 3545 184 3584 e
199 3526 277 3583 vivis¹
287 3525 425 3583 sublatum
451 3539 591 3601 putarunt,
607 3526 681 3582 unde
706 3526 787 3583 facile
811 3525 843 3581 ad
862 3525 1046 3581 imitationem
1073 3520 1256 3598 AEgyptiacae
1302 3558 1305 3569 ·

77 3622 246 3687 idololatriae,
262 3621 349 3698 (apud
363 3623 519 3699 AEgyptios
534 3620 738 3698 quippe‘Apz's,
758 3621 838 3676 bovis
853 3621 952 3695 figura,
966 3617 1131 3694 colebatur),
1147 3615 1257 3692 delapsi

79 3730 147 3779 sunt.
192 3719 250 3785 Qui
273 3719 367 3776 animo
391 3721 608 3777 consideraverit
632 3719 767 3794 populum
782 3718 831 3773 vix
845 3736 860 3773 c
876 3716 1008 3772 servitute
1023 3716 1161 3791 ereptum,
1182 3714 1259 3771 etin

79 3812 183 3873 deserta
196 3815 260 3872 loca
274 3813 439 3883 deductum,
451 3815 595 3891 inopinatd
610 3815 689 3871 ducis
705 3813 853 3890 praesentia
868 3831 918 3887 per
930 3811 1112 3887 quadraginta
1126 3801 1189 3868 dies
1198 3810 1261 3867 des'-

79 3911 196 3978 titutum,
212 3921 245 3968 et.
254 3912 340 3991 veluti
361 3915 476 3970 omnino
491 3914 668 3978 derelictum,
681 3912 766 3968 fidem
787 3910 861 3967 haud
872 3909 1021 3967 'recusabit
1041 3910 1162 3966 narranti
1182 3910 1259 3975 euni,

22 4060 25 4064 Α
79 3996 209 4086 prodigiis
219 4028 282 4081 quae
295 4009 400 4066 viderat
409 4009 583 4086 postpositis,
596 4010 735 4066 visibilem
747 4009 840 4074 deum,
853 4006 1068 4089 instar-aliorum
1081 4005 1263 4081 populorum,

78 4106 221 4164 utendum
236 4108 394 4179 quae'siisse.
437 4096 538 4164 Omnis
553 4107 665 4179 quidem
688 4106 831 4162 idolorum
842 4106 932 4162 cultus
948 4104 1018 4161 adeo
1038 4103 1138 4160 rationi
1153 4110 1253 4178 repug-

80 4213 130 4270 nat,
144 4213 176 4281 ut
189 4204 239 4260 vix
254 4204 329 4260 credi
351 4223 434 4279 posse
449 4204 574 4261 videatur
597 4205 726 4260 homines
747 4187 872 4274 unquam
895 4221 961 4258 cum
983 4201 1162 4266 exercuisse;
1184 4197 1261 4272 quod

81 4284 167 4360 eutem
181 4302 210 4360 id
226 4304 312 4378 paulo
326 4313 391 4379 post
405 4303 616 4380 stupendavisa
630 4301 759 4378 prodigia
770 4301 957 4367 exercuerint,
974 4299 1027 4355 etsi
1041 4299 1144 4356 mirum
1159 4297 1259 4372 magis,

84 4410 243 4458 nontamen
258 4402 371 4476 penitus
385 4402 455 4457 ultra
469 4401 570 4458 fidem:
606 4401 745 4458 Praeterea
760 4397 1070 4455 confirmaturn'arratio
1086 4394 1214 4451 Mosaios
1224 4410 1261 4449 ex

576 4586 615 4689 (l).
628 4626 704 4683 Num.
716 4629 763 4678 xiv.

194 4713 273 4772 Von·
285 4698 359 4770 l-6
605 4752 631 4801 Γ

595 4850 648 4927 “a
