2738 5032
471 108 527 173 DE
548 106 819 172 TRADI'I'IONE.
1179 106 1238 165 858

58 281 77 311 ‘¹
86 273 120 333 Sl
134 273 164 332 iu
178 273 273 347 aliquo
288 270 458 331 vacillaverit
471 285 500 331 et
513 272 652 331 nutaverit
664 271 777 338 ueritas,
792 269 828 328 ad
841 265 979 347 originem
999 264 1197 337 Doruluicam,
1207 268 1238 323 st

59 372 273 449 Evangelicam,
295 380 323 428 et
343 370 536 446 Apostolica'm
559 368 734 427 traditionem
757 368 975 426 revertemur.”¹
1013 367 1122 427 Mirum
1143 348 1237 429 initu

56 488 112 528 non
122 482 167 527 est
177 488 243 527 eum
254 484 351 547 parum
365 462 662 541 accurateloquutnm,
674 467 741 526 dum
751 467 849 525 salsam
861 468 1026 524 sententiam
1037 470 1241 544 propugnaret:

59 567 89 626 S.
107 566 231 626 Basilius
246 556 304 624 non
318 566 409 641 rejicit
422 565 615 632 traditionem
637 562 688 623 sed
702 565 778 622 veria
791 583 878 637 quum
893 574 969 620 esset
980 562 1107 621 locorum
1121 562 1244 625 consue*

58 663 124 722 tudo
139 664 214 722 cir'ca
226 655 361 722 voeabula
379 662 481 737 quibus
503 660 651 720 Trinitatis
667 661 840 738 Mysterinm
855 660 1078 725 annunciarent,
1093 654 1236 735 nonnullis

57 770 112 819 tres
134 760 316 837 hypostases,
332 757 394 816 aliis
415 777 500 817 uuam
522 755 691 826 dicentibus,
705 758 913 834 Scripturarum
935 774 990 833 ope
1012 750 1113 813 asserit
1124 753 1243 813 investi·

58 854 181 933 gaudum
206 874 335 928 quanam
357 856 427 913 ratio
450 854 586 929 loquendi
608 846 649 912 sit
668 853 759 930 magis
783 852 935 931 probanda.
987 852 1019 909 S.
1042 850 1238 926 Hieronymus

57 955 206 1030 impugnat
220 951 284 1011 “de
300 948 414 1011 Tatiani
428 952 521 1010 radice
542 951 722 1010 crescentes”
739 948 817 1023 “qui
837 951 925 1008 tribus
945 947 1167 1024 quadragesimis
1187 964 1244 1022 per

57 1058 161 1109 anuum
179 1048 350 1126 jejunantes,
366 1060 395 1106 et
407 1048 597 1127 xerophagiis
615 1044 799 1109 humiliantes
820 1047 943 1105 animam
962 1042 1064 1103 suam''
1080 1042 1152 1101 t'also
1165 1040 1239 1099 affir-

56 1145 171 1205 mabant
184 1163 249 1202 suas
262 1145 472 1204 ohservationes
493 1163 529 1202 ex
544 1143 710 1221 Apostoliea
733 1143 883 1203 traditione
906 1142 1065 1220 provenire,
1080 1136 1169 1213 quum
1189 1137 1240 1196 toti
1335 1140 1338 1147 '

54 1253 127 1301 rotro
141 1240 280 1300 Ecclesia
294 1243 397 1319 ignota
411 1241 540 1317 fuissent.
581 1240 612 1300 S.
626 1240 776 1318 Augustini
787 1232 869 1300 mens
880 1248 939 1299 toto
948 1240 1064 1298 recitato
1075 1234 1245 1296 testimonio

56 1341 161 1400 melius
173 1320 296 1417 patebitt
318 1347 337 1377 ‘⁶
347 1337 476 1414 Illa'quae
490 1340 521 1398 in
540 1338 582 1397 eis
598 1348 694 1415 aperte
706 1337 800 1416 posita
813 1349 888 1407 sunt,
903 1338 949 1398 vel
962 1348 1101 1417 precepta
1114 1330 1244 1411 rivcudi,

56 1435 102 1495 tul
111 1435 218 1514 regulae
232 1435 375 1505 credendi,
390 1434 520 1495 solertius
533 1434 752 1512 diligentiusque
762 1428 957 1513 investiganda
966 1445 1042 1507 sunt,
1083 1433 1154 1502 Qua
1163 1440 1245 1491 tanto

56 1534 177 1608 quiaque
201 1534 282 1611 plura
303 1535 421 1603 invenit,
437 1545 542 1608 quanto
556 1544 600 1592 eat
611 1532 797 1611 intelligentia
810 1532 948 1611 capacior.
988 1532 1056 1593 lu‘'
1036 1552 1072 1592 us
1087 1533 1164 1591 enim
1177 1548 1245 1605 quar

56 1640 151 1711 aperte
166 1632 195 1690 in
208 1632 356 1708 Scriptura
370 1632 463 1710 posita
476 1641 551 1698 sunt,
561 1632 743 1690 inveniuntur
757 1630 804 1689 illa
817 1631 914 1690 omnia
924 1649 998 1709 quae
998 1626 1143 1691 continent
1154 1627 1245 1686 fidem

57 1734 209 1801 luoresque
226 1727 337 1786 vivendi
340 1746 439 1804 ,spem
454 1728 563 1786 scilicet
576 1737 659 1801 atque
668 1728 844 1794 charitatem,
853 1724 888 1794 de
900 1726 1002 1800 quibus
1012 1723 1085 1784 libro
1095 1721 1246 1801 superiore

56 1821 269 1881 tractammusfl
310 1818 381 1879 Vult
393 1823 555 1895 quidemS.
568 1823 785 1882 Doctoromnia
799 1842 861 1896 quae
871 1816 1030 1898 Scripturis
1051 1820 1240 1889 continentur,

56 1919 92 1977 a'd
105 1918 203 1987 iidem,
219 1935 312 1994 spem,
326 1928 355 1976 et
367 1918 528 1977 charitatem
544 1919 651 1988 referri,
667 1921 737 1994 quin
750 1922 846 1979 omnia
858 1919 925 1979 fidei
938 1918 1071 1997 dogmata
1090 1917 1242 1995 perspicuo
1272 1910 1276 1915 ¹

54 2015 86 2073 in
101 2016 137 2071 iis
151 2015 341 2072 emutientm.

98 2108 164 2189 obj.
182 2114 210 2168 3.
233 2109 418 2191 Traditiones
428 2110 513 2193 fidem
528 2113 662 2183 incertam
676 2132 709 2171 ac
725 2114 924 2173 mutationibus
933 2115 1086 2174 obnoxiam
1098 2112 1244 2175 efficiuutt'

53 2209 241 2286 nequeenim
255 2206 337 2266 facile
351 2209 528 2267 innotescere
544 2217 637 2287 potest
651 2210 713 2284 que
733 2210 791 2269 siut
810 2210 912 2269 dirinae
926 2221 955 2270 et
967 2213 1139 2290 Apostolicoe
1160 2210 1246 2271 tradiv

54 2308 161 2379 tiones,
176 2325 239 2379 qnae
254 2306 497 2365 teto'eommeuta
510 2306 642 2383 humana.
683 2308 743 2369 Eas
757 2328 824 2367 vero
838 2310 935 2370 vitiare
949 2312 1034 2371 etiam
1054 2330 1248 2387 unumquemv
1297 2304 1300 2309 ’

54 2417 111 2479 que
126 2422 214 2479 penes
227 2412 281 2472 est,
291 2422 423 2477 suasque·
429 2403 571 2462 venditare
585 2407 737 2465 sententias
752 2404 847 2467 aarum
861 2409 987 2467 obtentu.

93 2497 181 2575 Resp.
205 2496 316 2556 Similia
330 2497 512 2557 incommoda
526 2500 679 2574 Scripturis
694 2500 857 2576 contingere
867 2516 870 2520 ·
880 2512 1014 2578 possent;
1033 2503 1165 2561 homiues
1186 2502 1241 2560 sci·

53 2594 126 2654 licet
139 2592 270 2652 sublestae
283 2592 351 2651 srdsi
362 2595 467 2670 saepius
476 2590 663 2671 apocryphos
687 2595 774 2652 libros
799 2606 943 2668 tamquam
965 2592 1076 2655 divinos
1098 2598 1127 2654 in
1148 2596 1241 2655 lucem
1259 2666 1261 2671 Ι

54 2690 213 2760 sdidemrrt‚
229 2688 367 2764 verosque
380 2691 533 2767 Scriptura
552 2691 640 2750 libros
663 2691 803 2760 mutilare,
817 2692 864 2751 vel
885 2693 953 2750 alias
969 2693 1066 2751 vitiare
1091 2690 1241 2760 tentarunt,

54 2786 228 2847 adulterinos
253 2788 336 2846 etiam
362 2789 409 2846 eis
429 2782 595 2865 affingentes
621 2782 735 2859 serisusss
773 2788 800 2847 E
821 2799 918 2849 contra
937 2790 986 2862 qui
1002 2791 1120 2848 “semel
1135 2788 1252 2852 tradite..

55 2884 162 2941 sanctis
173 2883 263 2941 fidei''
278 2883 431 2952 adhaerent,
444 2896 514 2942 aestn
535 2884 701 2960 opinionum
717 2885 773 2943 huc
786 2895 815 2943 et
828 2884 895 2943 illue
909 2872 1115 2953 nou'icruutur.
1130 2899 1243 2947 senteu-

55 2981 161 3039 tiarum·
178 2981 295 3039 novitati
321 2999 377 3039 nou
403 2981 535 3039 student:
558 2981 742 3040 innotescunt
762 2983 868 3060 quippe
891 2983 993 3043 divinae
1019 2985 1184 3045 traditiones
1198 2992 1242 3043 'ex

53 3078 207 3136 universali
231 3079 359 3161 omnium
383 3078 509 3138 fidelium
530 3080 635 3162 ubique
657 3099 805 3149 sensu-ex
825 3084 946 3160 receptis
967 3103 983 3140 a
1004 3103 1083 3142 sacra
1103 3091 1244 3141 vetustate
1268 3091 1271 3095 '

53 3174 182 3233 moribus
196 3185 224 3233 et
237 3176 353 3245 ritibus3
376 3195 412 3241 ex
424 3177 538 3235 Petrum
557 3178 679 3255 sumptim
702 3166 820 3252 aliisque
835 3169 1008 3252 antiquitatis
1027 3168 1240 3246 monumentis;
1335 3172 1343 3189 ”

53 3274 212 3351 praesertim
229 3272 345 3334 verder
360 3275 481 3334 solemni
496 3274 635 3334 Ecclesiae
652 3277 771 3354 judicio.
813 3277 875 3335 Eae
888 3278 973 3354 igitur
986 3278 1093 3345 vitiare,
1107 3270 1156 3339 ahl
1167 3276 1240 3336 salso

54 3368 200 3429 venditare
220 3390 305 3429 nemo
322 3370 430 3449 potest,
450 3373 579 3446 quamvis
601 3373 677 3432 enim
699 3373 728 3431 id
748 3358 1025 3432 conaretur'alleubi¹
1039 3358 1161 3442 efficere,
1182 3391 1241 3434 nou

54 3475 155 3544 posset
168 3467 219 3524 toti
234 3466 304 3524 Orbi
326 3467 490 3547 Christiano
515 3456 683 3545 persuadere
709 3469 751 3527 sic
767 3469 860 3543 ,fuisse
874 3484 891 3527 'a
904 3470 1044 3528 veteribus
1059 3468 1200 3540 traditum,
1214 3472 1241 3531 si

53 3562 165 3624 nullum
181 3563 336 3639 traditionis
350 3564 515 3644 hujusmodi
529 3567 679 3645 vestigium
694 3568 723 3627 iu
738 3567 808 3649 ipsis'
820 3586 871 3644 per
883 3568 981 3627 orbe'm
1001 3566 1153 3639 Ecclesiis,
1167 3581 1196 3629 et
1209 3570 1240 3632 iu

54 3662 91 3720 iis
106 3667 170 3735 quta
184 3674 338 3740 supersunt
348 3665 556 3740 preteritorum
569 3665 738 3724 seculorum
759 3654 1136 3745 monumen-tis'reperiaturt
1158 3668 1242 3729 tradi

54 3759 148 3817 henes
169 3759 278 3817 scilicet
297 3759 400 3818 dirinte
420 3760 479 3818 non
499 3757 584 3819 unius
605 3756 652 3820 ant
672 3762 784 3821 alterius
803 3762 880 3821 dicto
901 3763 1036 3833 nituntur,
1058 3782 1111 3824 uec
1131 3762 1239 3827 secreti

53 3854 235 3913 insusurrare
249 3863 316 3913 sunt
328 3855 459 3923 scribunt
481 3856 533 3914 sed
546 3856 638 3933 palam
652 3867 691 3916 et
687 3858 798 3947 ubique
804 3858 841 3917 iu
855 3858 986 3919 Ecclesia
997 3854 1238 3936 predicataesunt.
1242 3864 1245 3868 '

53 3951 169 4027 scriptis
183 3961 309 4011 veterum
324 3961 434 4029 petrum
448 3953 603 4021 celebrate,
619 3942 790 4027 quotidianis
815 3955 983 4034 Religionis
995 3958 1136 4035 exercitiis
1151 3960 1236 4017 etiam

54 4047 213 4124 explicatae,
229 4044 424 4107 Consiliorum
439 4049 670 4121 Pontificumque
686 4048 806 4111 decretis
821 4051 1008 4128 consignatis,
1023 4054 1102 4113 omni
1123 4052 1237 4153 demum

55 4144 254 4223 probationum
269 4162 371 4222 gauere
385 4146 566 4204 confirmate.

94 4240 144 4300 Ex
157 4239 202 4299 his
215 4260 279 4321 que
293 4240 512 4319 disceptavimus
524 4242 684 4317 liqueteam
705 4263 722 4302 a
741 4243 822 4302 uobis
837 4234 1015 4323 traditionem
1027 4238 1246 4341 ¹uindicarique⁴

496 4436 534 4500 (l)
551 4435 597 4502 Sp.
608 4402 649 4499 tl,
658 4437 689 4498 sd
700 4437 788 4518 Pomp

176 4521 249 4582 Vos.
264 4521 369 4582 1.-46
396 4599 399 4603 ’
