2738 5032
112 266 170 324 rra
247 248 260 281 ‘·
439 271 538 338 uum
559 272 762 331 acconam
784 272 850 331 sm
872 272 968 331 uun.

269 601 312 659 o.
343 603 434 663 vrr.
474 605 591 672 Qum
618 576 997 667 nuenasra'sr'r
1019 608 1140 667 uun.

615 805 797 847 raurosmo.

99 958 112 1005 't
126 911 182 971 :dn
195 912 328 972 Ecclesia
347 935 399 993 per
411 919 508 977 orbem
522 917 636 984 diffusa,
650 937 722 991 quae
736 930 821 996 caput
838 930 869 977 et
880 931 1009 978 centrum
1020 917 1148 996 agnoseit
1168 918 1294 999 Epiruma

11 1016 13 1021 Ι
51 1090 61 1101 ,
92 1012 181 1103 ,ΨΦ
190 1009 363 1079 Romanum,
378 1025 423 1072 est
435 1014 502 1072 fidei
516 1026 545 1072 st
557 1015 705 1091 regiminis
719 1010 823 1073 unitas.
1257 1046 1260 1051 .

1330 918 1368 941 ’Ἠ

142 1102 309 1166 Probatur.
330 1109 413 1168 Fidei
426 1110 518 1169 unitas
533 1111 658 1169 maxime
670 1110 761 1184 liquet
773 1130 811 1169 ex
825 1111 983 1188 Symbolis,
996 1130 1034 1169 en
1047 1110 1224 1169 solemnibus
1241 1110 1279 1170 'de
1361 1119 1368 1129 '

107 1188 294 1272 finitionibus,
315 1224 352 1264 ex
371 1207 448 1264 cultu
468 1206 592 1283 publico,
613 1217 642 1264 et
664 1207 908 1267 sacramentorum
936 1207 1191 1276 administratione,
1206 1218 1237 1267 et
1256 1227 1295 1267 ex

108 1299 248 1377 principio
262 1303 357 1378 agnito
371 1322 428 1376 quo
444 1303 538 1361 unitas
551 1322 666 1380 semper
679 1304 769 1363 valeat
781 1307 897 1363 servan.
936 1305 1003 1363 Jam
1018 1302 1084 1362 rard
1097 1303 1201 1362 eadem
1213 1324 1293 1381 sym·

107 1396 172 1455 bola
191 1398 298 1471 ubique
322 1418 373 1475 per
393 1382 554 1459 amissum
575 1402 740 1459 recitantur:
762 1400 966 1478 apostolieum
986 1402 1114 1477 privatim
1136 1420 1153 1458 a
1172 1401 1297 1479 siugulis

106 1493 238 1552 aretinus
252 1496 418 1569 quemme
431 1464 484 1554 ud]
498 1497 698 1571 frequentant,
714 1500 871 1576 publicem
884 1499 1025 1575 aapnsmt
1038 1497 1295 1565 neminemnam,

108 1599 137 1647 et
159 1590 187 1647 iu
208 1590 358 1648 collatione
378 1591 525 1652 ordinum:
551 1593 1061 1673 NicoenoConstuntimpolitenum‚
1076 1605 1157 1651 vetos
1179 1594 1297 1657 seilicet

106 1686 269 1763 symbolum
290 1689 468 1762 explicatius,
484 1701 567 1767 prout
585 1693 616 1750 in
637 1693 758 1751 Nicoeno
771 1701 800 1750 et
813 1690 1129 1767 Constantinopolitano
1149 1689 1295 1749 Ooociliis

106 1793 219 1841 auctum
234 1795 286 1851 est,
302 1796 333 1842 ut
346 1786 457 1844 Ariana
472 1798 500 1845 et
517 1788 731 1850 Macedonianoe
751 1787 908 1845 heresibus
920 1788 1006 1844 iretm
1024 1786 1148 1854 obviarn,
1161 1787 1297 1845 recitausr

105 1880 356 1940 inter·Miasarum
378 1884 535 1942 sokmnia:
557 1883 810 1951 Atkunuaiununa
835 1883 911 1956 quod
931 1885 985 1943 sub
1007 1883 1123 1941 nomine
1143 1882 1294 1969 Athanasii

105 1970 307 2047 circumfertur,
322 1981 395 2039 inter
404 1998 507 2057 'preces
521 2000 592 2053 quas
607 1980 713 2039 Clerici
728 1981 793 2040 Deo
806 1981 934 2053 quotidie
950 1981 1125 2058 pei-solvunt,
1140 1981 1293 2057 reperitur,

95 2073 135 2133 iu
149 2073 309 2134 Dominicis
323 2075 432 2142 diebos,
449 2077 562 2148 quando
576 2077 612 2135 de
628 2077 784 2135 >Dominica
797 2079 830 2134 sat
845 2077 983 2145 officinm,
996 2074 1182 2135 recitandum.
1224 2077 1298 2136 For·

103 2172 180 2231 mula
193 2185 286 2232 autem
302 2192 364 2246 qua
379 2174 426 2231 Pii
439 2173 493 2231 tv.
509 2176 684 2244 auctoritate,
694 2177 778 2252 juxta
792 2194 825 2259 ea
839 2193 904 2248 quse
922 2174 952 2232 in
966 2173 1139 2232 Tridentino
1156 2173 1298 2235 Concilio

104 2268 219 2327 definita
237 2280 325 2338 erant,
341 2270 415 2329 edita
435 2282 488 2340 est,
503 2273 607 2345 ubique
625 2274 774 2350 excipitur,
789 2283 818 2329 et
836 2271 957 2331 solemni
974 2272 1137 2348 juramento
1154 2271 1300 2342 firmatur,

103 2367 214 2437 quoties
228 2367 315 2439 aliqui
329 2366 364 2424 ad
378 2368 596 2431 Ecclesiasticas
609 2369 759 2445 dignitates
773 2369 939 2435 evehuntur,
952 2367 997 2424 vel
1008 2366 1152 2443 plerisque
1171 2367 1204 2426 iu
1217 2369 1293 2427 locis

103 2461 215 2534 quando
229 2464 263 2520 ab
276 2462 473 2521 haereticorum
487 2467 586 2522 castris
600 2465 635 2523 ad
649 2466 809 2533 Ecclesiam
817 2464 973 2523 acceditur.
1030 2476 1037 2481 ·“
1120 2458 1123 2463 ’

142 2558 257 2632 Ubique
278 2558 353 2617 idem
376 2571 421 2617 est
442 2560 702 2635 solemnisqcnltus,
725 2562 865 2619 sacrificii
886 2561 996 2619 scilicet
1016 2554 1200 2628 sacrosancti,
1214 2563 1299 2645 quod

101 2654 668 2724 Mssumvocamusducmentaoblatiu.
710 2656 820 2716 Eadem
834 2655 1297 2741 ministranturubiqueterratarn

101 2752 292 2822 Sacramenta,
307 2771 372 2810 nam
387 2751 538 2813 abluuntur
549 2752 670 2813 infantes
685 2755 731 2812 rel
743 2753 830 2812 adulti
844 2742 995 2831 baptismo,
1012 2753 1178 2825 muniantur
1187 2750 1294 2825 fideles

101 2850 262 2917 chrismate,
277 2850 441 2908 reficiuntur
453 2848 644 2918 Eucharistiar
657 2862 790 2909 sanantur
803 2851 965 2927 paenitentia
975 2846 1092 2906 vulnera
1101 2848 1295 2917 animosius-

102 2946 239 3004 rieutibus
253 2949 376 3023 mystica
388 2946 522 3005 unedone
543 2946 670 3005 subsidia
688 2946 723 3004 ad
744 2948 875 3006 ultimum
896 2965 1018 3024 agonem
1039 2947 1228 3021 prebentnrr,
1239 2947 1295 3019 qni

100 3061 180 3100 sacra
188 3058 305 3100 munera
318 3044 433 3111 obeunt,
448 3044 569 3102 solemni
580 3062 715 3103 manuum
728 3046 912 3120 impositione
925 3042 1305 3133 auctoritatemreoipinnta
1347 3060 1350 3065 ·

99 3150 129 3197 et
142 3141 191 3213 qui
205 3140 369 3217 conjugium
383 3141 455 3199 inire
468 3141 596 3217 cupiunt,
612 3160 692 3199 sacro
706 3142 828 3217 ligantur
842 3143 964 3200 vinculo.

138 3236 220 3296 Fidei
239 3224 418 3294 definitiones
434 3237 468 3293 ab
489 3236 620 3293 omnibus
644 3248 843 3312 agnoscuntur,
858 3248 887 3295 et
900 3256 1013 3295 summo
1033 3254 1175 3296 consensu
1195 3236 1296 3296 viudi-

100 3346 207 3402 eautnr,
223 3334 262 3391 ita
274 3342 306 3390 ut
319 3331 450 3409 dogmata
464 3331 641 3390 Tridentinis
662 3332 792 3391 Patribus
815 3344 878 3391 ante
899 3336 951 3392 tria
970 3334 1027 3392 sere
1049 3332 1154 3391 secula
1167 3334 1296 3411 probata

98 3431 228 3491 omnium
243 3427 457 3487 Catholicorum
472 3445 523 3505 per
536 3429 633 3487 orbem
647 3446 760 3487 summa
773 3432 962 3503 consensione
975 3430 1162 3488 celebrentur.

138 3526 221 3584 Fidei
235 3525 351 3584 unitatis
364 3524 537 3602 principium
555 3534 674 3593 tenetur,
689 3525 799 3583 scilicet
818 3525 957 3585 Ecclesia
971 3542 1022 3603 per
1034 3524 1189 3602 presulum
1201 3526 1294 3587 estte-

97 3624 177 3703 giuur
193 3622 325 3681 docentis
345 3623 510 3680 auctoritas:
534 3633 692 3700 agnoscunt
704 3620 811 3700 quippe
831 3632 931 3680 utn'nes
952 3623 1168 3689 controversias,
1181 3622 1208 3680 si
1222 3641 1292 3697 quse
1363 3700 1366 3705 Ι

94 3698 193 3807 ψῃ
212 3712 340 3777 excitate
360 3719 472 3786 fuerint,
487 3718 723 3796 sopiendasssse
738 3732 768 3776 et
782 3738 917 3796 supremo
935 3718 1045 3795 judicio
1064 3717 1240 3777 dirimendas
1252 3721 1292 3779 sb
1315 3736 1319 3741 ·

15 3838 18 3843 ‘
97 3792 308 3893 Episcopomm
323 3808 457 3892 collegio,
470 3816 531 3873 sive
551 3825 756 3893 congregentur
777 3816 807 3873 is
820 3834 919 3882 uuum,
933 3814 1103 3892 presidente
1123 3815 1178 3874 sibi
1198 3814 1290 3895 Epis

97 3930 172 3989 copo
194 3910 335 3978 Romano,
351 3912 411 3969 sive
433 3912 462 3968 in
483 3912 543 3968 suis
566 3909 689 3968 sedibus.
703 3920 843 3975 maneant,
858 3922 887 3967 et
906 3910 966 3967 suis
988 3910 1245 3987 subscriptionibus
1258 3923 1290 3971 et

96 4025 216 4067 asmnsu
230 4006 373 4064 solemnes
387 4024 458 4079 quas
472 4008 539 4082 ipse.
549 4004 668 4064 ediderit
681 4003 748 4062 fidei
760 4004 940 4085 definitiones
952 4006 1188 4084 complectantur.

137 4104 239 4163 Unitas
255 4103 322 4163 fidei
336 4105 421 4180 igitur
435 4103 560 4169 habetur,
573 4102 632 4160 imo
646 4101 755 4159 fovetur
765 4101 936 4177 principium
948 4121 1005 4176 quo
1015 4102 1290 4180 sempsrhabeatar.

96 4202 225 4262 Habetur
239 4201 323 4258 etiam
337 4190 430 4258 unitas
445 4199 601 4276 regiminis,
617 4217 681 4257 nam
697 4197 794 4255 fideles
809 4196 975 4275 Episcopis‚
990 4199 1130 4277 Episcopi
1149 4199 1287 4261 Romano

95 4300 229 4359 Pontifici
249 4297 445 4373 subjiciuntur,
463 4297 574 4374 juribus
588 4294 756 4369 quibusdam
770 4295 951 4372 specialibus,
962 4296 1045 4372 juxta
1059 4292 1286 4357 'Ecclesiasticus

95 4394 232 4469 quasdam
246 4391 417 4459 sanctiones,
432 4392 623 4469 Metropolitis
637 4391 667 4449 in
681 4388 844 4468 Episcopus
858 4409 917 4449 sua
931 4392 1093 4468 provincia,
1108 4391 1285 4453 Patriarohis

96 4495 125 4553 in
135 4512 195 4552 sue
206 4489 322 4549 ditionis
334 4488 468 4567 presules
483 4490 603 4549 tributis.⁴
645 4488 856 4549 Pulcherrimus
869 4489 988 4567 quidem»
996 4491 1088 4550 elucet
1101 4490 1130 4549 in
1142 4489 1188 4549 his
1200 4491 1287 4561 ordo,

95 4608 152 4663 uuo
167 4587 360 4666 Episcopatus
375 4586 437 4665 ipse
450 4604 525 4645 uuus
539 4596 567 4645 et
581 4586 719 4647 indivisus
733 4588 875 4665 probatur.
