2738 5032
340 235 647 297 Puu'rlruucrrr
668 235 979 296 luc'rortrrlrss.
1216 236 1255 292 10

64 378 224 451 intermedii
238 403 323 453 testes
343 396 417 457 iuter
437 395 501 454 Noe
516 405 545 453 et
564 395 691 463 Mosem;
706 395 774 453 Sem
797 396 903 472 quippe
925 394 990 454 Noe
1005 393 1080 452 lilius
1095 393 1129 450 ab
1148 391 1257 451 Issaeo·

72 477 146 546 llsus
159 500 211 559 est,
228 492 356 564 quicum
369 491 442 553 Levi
456 504 533 570 patre
548 492 641 551 Moris
654 493 733 550 vixit.
777 492 833 550 Per
846 491 964 560 orclem,
980 502 1011 550 ut
1024 492 1110 557 aiunt,
1125 488 1249 547 traditio-

79 593 136 646 sstm
156 600 285 666 poterant
307 592 440 667 pleraque
453 611 516 664 quae
533 591 632 649 Moses
653 591 737 648 refert
757 592 988 657 innotescerent
1007 589 1042 646 de
1056 587 1247 646 monumentis

79 685 198 758 Publicis,
227 690 385 763 tabulisque
413 691 586 767 singulorum
615 690 792 756 familiarum,
821 690 990 746 carminibus
1015 690 1044 746 in
1069 686 1247 744 solemnibus

77 786 179 845 caribus
193 787 356 857 decantatis,
371 798 400 847 et
413 789 599 865 scriptisque
614 789 707 853 forsan
719 787 793 864 apud
805 788 914 860 aliquos
923 798 1037 871 ¹servata
1047 787 1113 853 siut,
1125 785 1245 857 aliisque

71 881 193 954 plurimis
207 887 342 955 subsidiis
357 887 499 945 historicis
514 887 657 944 sileamus.
701 888 773 944 Ante
789 886 936 943 hominum
958 904 1008 962 per
1022 885 1118 942 orbem
1139 882 1249 959 disper·

67 981 187 1052 sionem,
203 1003 291 1057 quum
306 1004 406 1044 omnes
420 986 507 1042 unius
520 984 632 1042 familiae
649 985 736 1042 instar
745 1002 775 1041 se
785 982 930 1050 haberent,
945 981 1143 1039 facillirnaerat
1153 998 1247 1037 rerum

62 1092 206 1155 gestarum
220 1085 366 1142 memorie
380 1083 565 1142 conservatio.
608 1081 742 1139 Israelitis
757 1082 840 1138 etiam
862 1081 999 1157 majorum
1020 1098 1135 1137 suorum
1150 1079 1184 1135 ab
1205 1078 1248 1134 in·

60 1173 206 1237 fmtilibus
221 1180 301 1237 annis
316 1199 362 1237 res
376 1190 470 1257 gestas
480 1178 586 1236 edoctis
598 1179 787 1255 suppetebant
796 1177 922 1234 subsidia
933 1176 967 1234 ad
979 1194 1101 1234 errorem
1115 1174 1248 1252 detegen-

60 1271 143 1342 dum,
158 1275 183 1332 si
198 1275 263 1347 quis
283 1275 471 1334 induceretur.
513 1274 545 1332 si
560 1295 594 1332 v:
611 1295 644 1350 g:
669 1274 740 1332 nihil
760 1273 795 1331 de
810 1273 1080 1331 antediluvianorum
1098 1270 1248 1329 hominum

63 1371 123 1431 vita
146 1373 279 1430 diuturna
298 1373 462 1439 audiissent,
485 1372 556 1429 nihil
575 1371 610 1428 de
624 1371 732 1431 diluvio
745 1372 819 1447 ipso,
835 1370 961 1447 profecto
976 1368 1063 1426 veluti
1078 1368 1145 1445 aegri
1159 1366 1247 1424 animi

64 1469 181 1527 somnia
200 1468 367 1531 habuissent
387 1490 451 1544 qua,
471 1471 554 1526 refert
575 1470 686 1527 Moses.
726 1468 832 1537 Quum,
854 1469 947 1546 igitur,
970 1479 1027 1526 tota
1047 1467 1163 1525 historia
1184 1465 1249 1523 Mo·

59 1565 139 1624 'ssics
158 1565 243 1646 plena
258 1565 314 1625 fide
329 1568 363 1624 ab
384 1567 420 1624 iis
440 1575 560 1641 excepta
574 1565 620 1631 sit,
635 1565 725 1636 liquet
744 1582 806 1623 eam
820 1566 907 1622 veteri
928 1576 957 1622 et
977 1564 1115 1622 constanti
1136 1560 1249 1619 Israeli·

59 1660 122 1719 tiore
137 1661 232 1738 gentis
246 1661 389 1721 traditioni
403 1681 467 1720 esse
484 1679 650 1720 consonam.
692 1659 828 1717 Omnium
843 1661 928 1718 etiam
941 1661 1067 1736 gentium
1083 1659 1249 1717 traditiones

60 1755 154 1816 farere
183 1757 321 1816 Mosaicae
346 1758 498 1818 narrationi
513 1758 614 1835 «plures
638 1756 885 1824 demonstrarunt,
912 1759 1071 1832 nuperrime
1099 1756 1191 1815 Faber
1218 1757 1249 1814 in

64 1848 147 1932 opero
162 1854 240 1913 dioto
256 1865 275 1892 ⁴⁸
289 1856 377 1915 Horae
392 1856 560 1915 Mosaioae.'’

17 1992 19 1997 ·
103 1949 172 2031 Obj.
195 1951 288 2024 Strata
307 1952 419 2012 diversa
439 1964 528 2022 terrae,
549 1954 729 2030 rupiumque,
752 1954 823 2032 miro
844 1952 966 2027 quodam
981 1951 1079 2011 ordine
1100 1944 1249 2027 dispositu,

70 2048 170 2122 quibus
191 2049 277 2106 etiam
300 2050 516 2127 conchyliorum
537 2070 671 2109 numerus
692 2052 828 2120 infinitus,
849 2051 961 2130 planta,
980 2049 1197 2121 animantiaque,
1219 2047 1250 2104 in

68 2155 156 2221 petras
178 2165 327 2213 conversa,
341 2149 490 2225 pristinam
506 2160 599 2207 tamen
615 2149 733 2208 formam
746 2151 905 2219 retinentia,
923 2148 1112 2216 includuntur,
1128 2147 1251 2224 probant
1269 2174 1272 2179 ·

69 2244 161 2304 orbem
182 2263 235 2321 per
249 2244 359 2304 infinita
372 2246 430 2305 fere
445 2246 548 2303 secula
562 2246 688 2314 durasse,
703 2247 838 2323 plurimas
852 2248 975 2304 subiisse
988 2247 1170 2312 mutationes,
1183 2243 1246 2315 quia

69 2340 115 2400 bus
129 2353 217 2401 strata
231 2344 324 2401 stratis
344 2346 452 2403 sensim
473 2346 535 2402 sine
549 2364 634 2403 sensu
649 2346 781 2422 imposita
802 2356 877 2413 sunt,
890 2345 984 2403 donec
1003 2345 1118 2403 tandem
1131 2346 1165 2403 ad
1186 2366 1249 2406 earn

75 2459 154 2512 quam
175 2460 252 2499 nunc
277 2462 334 2519 prae
355 2462 386 2501 se
407 2443 460 2501 fert
480 2442 597 2501 formam
619 2454 691 2501 terra
712 2445 749 2502 sit
768 2444 934 2521 composita.
977 2444 1049 2511 Haec
1070 2455 1164 2503 autem
1184 2465 1250 2507 oum

69 2539 182 2606 recenti,
196 2557 282 2611 quam
298 2540 397 2623 Moses
412 2539 549 2616 adsignat,
565 2559 659 2609 rerum
673 2542 781 2618 origine
796 2551 941 2615 nequeunt
954 2542 1108 2599 conciliari.

104 2633 194 2713 Resp.
218 2635 319 2694 Moses
339 2635 444 2695 nullam
465 2638 541 2694 orbis
563 2651 697 2694 terrarum
718 2638 930 2715 chronologiam
951 2639 1032 2696 nobis
1056 2639 1178 2711 reliquit,
1200 2637 1251 2696 sed

71 2731 222 2792 hominum
231 2735 265 2791 ab
279 2734 342 2792 Ada
352 2735 562 2812 'praecipuorum
577 2739 683 2795 notavit
697 2747 817 2804 aetatem,
833 2736 906 2794 unde
920 2736 1110 2810 Chronologis
1125 2736 1253 2793 subsidia

72 2830 205 2891 adaunos
219 2834 424 2909 computandos
439 2836 472 2891 ab
483 2835 602 2893 homine
614 2834 727 2892 condito
741 2833 918 2910 suppeditata
929 2844 1003 2889 sunt.
1039 2833 1121 2889 Dixit
1135 2833 1251 2905 quidem

73 2925 161 2987 Deum
182 2929 265 2989 initio
279 2929 381 2987 coelum
402 2941 559 3002 terramque
574 2947 703 2997 creasse;
720 2949 770 3006 per
783 2929 858 3002 quod
880 2929 1015 3005 temporis
1036 2928 1158 3005 spatium
1180 2939 1253 2987 terra

73 3022 157 3084 inanis
172 3037 202 3084 et
215 3045 304 3085 vacua
317 3026 409 3094 fuerit,
422 3045 478 3099 qua
489 3026 651 3084 conditione
667 3045 759 3085 rerum
771 3026 1030 3094 fuerintelementa,
1040 3036 1069 3083 et
1078 3045 1134 3099 qua
1144 3026 1253 3083 ratione

78 3123 238 3191 coaluerint,
253 3141 306 3181 nos
321 3142 378 3181 non
392 3123 529 3181 edocuit.²
568 3125 625 3182 Per
638 3143 690 3181 sex
704 3123 766 3181 dies
785 3124 880 3182 omnia
895 3125 923 3181 in
940 3122 1067 3181 ordinem
1086 3123 1197 3181 redacta
1211 3141 1254 3180 re·

72 3218 134 3288 tulit,
146 3238 201 3278 nec
213 3229 307 3277 umen
322 3221 479 3297 perspicuis
492 3219 641 3291 affirmauit
655 3218 749 3278 verbis
759 3221 815 3279 diei
829 3222 944 3278 nomine
958 3239 992 3278 eo
1007 3220 1063 3278 loci
1077 3220 1145 3279 illud
1160 3219 1253 3296 desig·

75 3317 127 3376 uari
153 3318 292 3394 temporis
315 3318 437 3394 spatium
462 3318 538 3390 quod
560 3318 667 3376 diurnae
690 3321 759 3377 solis
783 3319 962 3377 conversioni
984 3317 1152 3395 respondet:
1177 3317 1253 3389 quod

76 3414 267 3473 animadvertit
276 3415 337 3491 jam
351 3415 419 3472 olim
434 3403 628 3492 Augustinus:
652 3417 738 3483 “Qui
753 3417 813 3474 dies
822 3415 982 3493 eujusmodi
996 3416 1061 3480 sint,
1073 3426 1121 3471 aut
1132 3412 1254 3489 perdiffi-

79 3509 126 3568 cile
149 3511 246 3579 uobis,
267 3523 315 3569 aut
342 3513 427 3570 etiam
452 3512 629 3588 impossibile
652 3524 695 3569 est
723 3515 855 3590 cogitare,
878 3522 981 3585 quanto
1003 3511 1092 3587 magis
1113 3510 1255 3568 dicere.'’²

74 3603 210 3666 Ceterum
225 3626 283 3665 non
295 3618 338 3664 est
349 3607 430 3665 facile
443 3608 655 3666 concedendum
668 3619 708 3665 tot
720 3610 885 3666 saeeulorum
897 3608 1000 3664 seriem
1011 3607 1116 3679 requiri
1127 3619 1158 3680 ut
1169 3616 1254 3664 strata

74 3711 146 3788 terre
159 3717 409 3782 componerentur,
425 3725 568 3782 rupesque
583 3707 691 3773 fierent,
707 3709 752 3765 vel
766 3707 820 3763 alia
833 3726 896 3778 quae
911 3707 939 3762 in
954 3716 1032 3762 terrae
1044 3706 1193 3782 superficie
1207 3704 1263 3763 vel'

74 3801 225 3861 visceribus
241 3803 410 3860 exhibentur
424 3803 630 3879 phoenomena:
654 3824 719 3862 narn
740 3824 776 3862 ex
790 3792 870 3861 tardo
887 3822 979 3860 rerum
1000 3822 1150 3880 progressu
1168 3822 1253 3876 quem

72 3899 207 3968 ridemus,
231 3900 299 3973 quid
322 3900 426 3959 factum
453 3902 540 3959 sitin
561 3903 624 3978 ipso
646 3922 742 3962 earum
763 3916 825 3960 ortu
846 3902 988 3959 nonlicet
1009 3902 1128 3969 inferre;
1145 3902 1255 3958 infinita

73 4002 175 4078 quippe
198 4000 254 4058 Dei
273 4003 397 4077 potestus
418 4020 460 4069 ea,
476 4001 533 4059 ictu
555 4001 641 4059 veluti
662 4002 746 4068 oculi,
762 4001 835 4058 valet
855 4001 966 4058 efficere
987 4019 1049 4072 quas
1070 4018 1121 4077 per
1140 3999 1254 4076 longam

72 4097 232 4170 tardamque
246 4115 394 4154 causarum
410 4097 596 4156 secundarum
616 4097 807 4156 evolutionem
821 4097 901 4154 fiunt.
941 4096 1062 4172 insuper
1081 4115 1133 4172 per
1152 4096 1257 4155 saecula

73 4194 168 4253 saltem
183 4193 340 4269 sexdecim,
358 4214 420 4267 quae
435 4197 469 4253 ab
489 4196 605 4254 homine
626 4196 739 4254 condito
755 4195 789 4252 ad
810 4195 947 4252 diluvium
964 4193 1142 4258 effluxerunt,
1158 4204 1186 4250 et
1205 4212 1257 4269 per

70 4290 134 4351 illud
147 4293 287 4369 temporis
302 4293 425 4370 spatium
440 4313 491 4371 per
505 4293 580 4365 quod
595 4290 675 4366 aquis
696 4293 874 4351 diluvialibus
887 4292 982 4351 omnia
996 4311 1108 4349 sursum
1123 4290 1255 4354 deorsum

74 4410 171 4470 magno
186 4394 297 4470 impetu
311 4404 373 4452 acta
387 4404 462 4463 sunt,
478 4404 506 4451 et
528 4413 578 4470 per
592 4394 697 4451 saecula
710 4413 772 4466 quae
788 4414 805 4449 a
818 4393 924 4449 diluvio
946 4399 1128 4449 numerantur
1141 4387 1257 4461 quadra·

72 4489 146 4569 ginta
160 4491 221 4559 tria,
234 4499 314 4549 t'errae
329 4491 415 4549 facies
428 4492 564 4568 plurimas
579 4491 764 4558 mutationes;
776 4490 884 4547 viscera
895 4488 988 4556 etiam,
999 4488 1098 4546 saltem
1110 4500 1259 4558 quousque

93 4685 128 4749 (l)
144 4672 211 4753 Vide
220 4688 292 4740 Wiss
299 4704 366 4749 man,
386 4649 538 4741 lecturedth.
686 4689 723 4754 (Ξ)
736 4688 803 4757 Aug.
813 4687 852 4740 ds„
863 4687 911 4740 eir.
925 4686 1050 4740 uentu
1060 4682 1118 4736 ob-
1177 4700 1183 4711 ·
1223 4714 1266 4791 x
