2768 5032
119 250 179 305 246
365 246 422 307 DE
442 246 661 309 EGCLESIAE
683 249 1051 313 lNFALLlBlLlTATE.

119 403 197 463 Petri
207 406 374 482 propinqua,
385 409 426 466 uti
440 409 478 466 ait
491 408 694 477 Tertullianus,
704 427 760 483 qna
771 411 878 470 ratione
892 413 1048 490 praesertim
1058 409 1167 470 Christi
1176 413 1307 490 promis·

117 501 162 559 sio
175 501 260 561 Petro
270 514 299 560 et
312 503 450 563 Ecclesiae
463 524 548 583 super
561 507 657 583 ipsum
670 507 791 565 fundare
805 508 877 566 facta
890 508 1082 586 adimpletur..

159 595 226 676 Odj.
241 603 269 656 5.
292 601 429 660 Praevalet
441 603 577 671 infernus,
591 602 660 661 dum
680 605 747 661 vitia
765 616 935 682 grassantum,
950 623 1013 680 quae
1034 605 1174 664 abundare
1194 607 1227 665 in
1240 608 1304 667 Ec·

117 695 205 754 clesia
225 699 353 758 Romana
373 720 457 759 nemo
477 702 578 759 nescit
618 701 677 770 Ne,
691 703 787 779 igitur,
800 703 926 761 dicamus
948 704 1056 762 Christi
1075 706 1302 783 promissionem

115 791 222 852 irritam
236 796 346 864 sacam,
360 798 476 856 latuisse
490 798 680 857 conditionem
694 800 895 859 admittendum
909 812 962 859 est.

154 886 244 968 Reep.
266 893 335 953 Non
356 895 487 971 praevalet
506 895 643 963 infernus,
664 895 716 953 sed
735 896 896 955 Ecclesiam
915 888 1063 977 oppugn'st
1074 896 1143 955 sitia
1162 897 1302 967 fovendo,

115 988 249 1060 quamdiu
264 992 339 1049 enim
354 1012 465 1051 morum
485 1011 584 1051 norma
597 1005 693 1051 sancta
710 1006 754 1051 est
767 995 897 1053 Ecclesia
916 1005 1011 1055 manet
1023 996 1134 1064 victrix,
1148 995 1300 1054 debellatis

115 1096 220 1146 tantum
236 1091 285 1163 qui
299 1091 374 1149 vitiis
388 1093 419 1150 in
436 1111 517 1149 suam
531 1091 719 1168 perditionem
738 1092 922 1152 indulserunt.
964 1094 1052 1153 Nulla
1072 1093 1187 1167 quidem
1207 1114 1301 1171 appo-

114 1182 169 1241 sita
182 1196 225 1242 est
238 1205 255 1243 a
269 1186 387 1246 Christo
399 1188 583 1265 promissioni
596 1188 729 1256 conditio,
741 1187 793 1246 sed
806 1191 835 1247 in
850 1189 1001 1249 divinitatis
1015 1209 1085 1254 sua,
1094 1208 1180 1263 quam
1191 1190 1299 1248 Petrus

113 1281 261 1355 professus
274 1295 328 1353 est,
342 1297 548 1362 argumentum,
563 1304 594 1342 se
614 1284 775 1343 Ecclesiam
795 1287 872 1344 nulla
890 1288 919 1345 vi
938 1288 1092 1345 inferorum
1106 1287 1298 1363 superandam

113 1375 314 1439 aedificaturum
334 1382 476 1457 pollicitus
489 1391 542 1438 est.
583 1380 695 1439 Damna
708 1381 874 1457 gravissima
892 1383 998 1458 patitur
1018 1382 1150 1440 Ecclesia
1169 1392 1212 1441 tot
1230 1402 1299 1441 suo·

112 1492 175 1533 rum
197 1475 330 1546 filiorum,
353 1497 404 1536 seu
425 1480 530 1537 civium
556 1479 679 1546 interitu,
701 1476 752 1536 sed
779 1497 829 1536 arx
853 1489 948 1537 manet
968 1489 1036 1548 tuta,
1056 1480 1172 1537 veriute
1195 1478 1297 1539 divina
1357 1530 1365 1545 ,

112 1569 220 1647 integra
246 1585 389 1633 servata..
414 1574 536 1633 Pulchre
564 1573 791 1651 chrysostomus
818 1585 926 1633 textum
950 1576 1077 1653 exponit,
1102 1586 1134 1633 ιιι
1159 1576 1296 1636 ostendat
1344 1614 1349 1623 -

112 1666 260 1727 Christum
279 1670 375 1730 Deum
396 1692 459 1733 esse
480 1675 529 1747 qui
543 1683 618 1732 tante
637 1672 779 1748 pollicitus
793 1683 854 1730 est:
877 1683 897 1709 ‘⁴
909 1672 1116 1733 Animadvertis
1137 1693 1195 1747 quo
1210 1686 1295 1751 pacto

110 1764 174 1842 ipse
194 1768 278 1827 etiam
298 1768 334 1826 ad
355 1770 481 1829 altiorem
503 1770 537 1828 de
559 1789 590 1828 se
604 1770 767 1846 opinionem
781 1769 896 1827 Petrum
911 1770 1032 1839 adducit,
1053 1782 1081 1828 et
1101 1771 1230 1847 seipsum
1249 1772 1294 1831 his

110 1861 218 1923 duabus
239 1866 475 1943 policitationibns
497 1869 603 1926 Filium
622 1885 686 1924 esse
706 1865 762 1924 Dei
783 1867 887 1925 revelat
908 1877 937 1924 et
957 1867 1088 1926 ostendit.
1129 1869 1209 1927 Nam
1229 1888 1292 1943 quse

110 1956 190 2019 Deus
204 1963 359 2023 concedere
373 1965 450 2024 solus
464 1974 568 2041 potest,
581 1972 759 2039 peccatorum
773 1962 882 2020 scilicet
891 1946 1099 2033 remissionem,
1110 1974 1139 2023 et
1148 1975 1180 2022 ut
1190 1965 1304 2047 Eccle.
1322 2028 1329 2037 ,

109 2056 153 2115 sia
168 2069 209 2118 tot
228 2061 367 2135 tantisque
387 2048 518 2119 fluctibus
536 2061 645 2138 impetu
658 2059 876 2135 irrumpentibus
896 2061 1050 2123 irmnobilis
1072 2070 1194 2129 maneat,
1209 2062 1292 2139 cujus
1341 2080 1345 2091 ·

107 2150 205 2231 pastor
224 2166 253 2216 et
272 2169 356 2236 caput
371 2159 497 2235 piscator
516 2154 603 2223 homo
624 2167 705 2230 atque
726 2156 868 2233 ignobilis,
884 2146 1018 2216 terrarum
1036 2158 1290 2241 orhs'rcluctante,

108 2252 264 2313 mamantis
279 2265 404 2315 naturam
418 2256 547 2314 firmitate
561 2264 685 2332 superet,
697 2254 758 2313 haec
773 2252 914 2331 (inquam)
929 2255 1035 2324 omnia,
1051 2274 1113 2329 quae
1128 2255 1219 2315 solius
1235 2255 1291 2315 Dei

108 2360 184 2419 sunt,
196 2342 229 2409 sc
244 2352 392 2427 pollicetur
405 2352 544 2413 daturum.

151 2447 217 2525 Odj.
233 2453 262 2507 6.
278 2449 409 2509 Ecclesia
419 2449 454 2507 de
469 2468 524 2523 qua
534 2448 688 2526 Apostolus
700 2448 734 2506 ad
746 2449 931 2510 Timotheum
943 2448 1057 2525 scripsit
1064 2449 1117 2508 furt
1127 2449 1288 2527 Ephesina,

108 2561 194 2617 quem
214 2561 298 2602 nemo
319 2543 421 2602 dixerit
440 2544 632 2626 infallibilem·
643 2562 721 2671 ergo
742 2537 922 2604 alienatione
942 2544 1111 2623 explicanda
1130 2556 1196 2605 snnt
1216 2548 1289 2625 ejus
1324 2610 1327 2615 ,

106 2641 200 2698 rerba.
1147 2661 1151 2667 ’

144 2736 337 2815 Reap.Nilril
360 2745 484 2811 estque
509 2735 543 2794 ad
567 2734 728 2795 Ecclesiam
752 2736 928 2815 Ephesinam
948 2738 1038 2797 solam
1061 2730 1215 2797 reserantur
1235 2738 1286 2796 illa

105 2838 237 2916 Apostoli
250 2839 342 2907 verba,
357 2847 446 2898 nam‘
450 2837 599 2896 ‘Ecclesia
618 2838 714 2895 Dei'
688 2837 755 2897 vrvi'
757 2834 826 2895 ’est
840 2838 1015 2914 amplissima
1035 2838 1120 2896 totins
1140 2826 1282 2895 Ecclesiae

106 2935 267 3033 descriptio.
309 2937 472 2996 Morabatnr
485 2934 656 2993 Timotheus
670 2934 791 3011 Ephesi,
806 2934 857 2993 sed
877 2954 935 2993 non
952 2932 1016 2992 ideo
1030 2930 1139 3031 desiit
1127 2933 1234 2992 versari
1255 2934 1288 2994 in

95 3022 237 3090 Ecclesia
251 3034 421 3100 Universali,
436 3033 517 3109 cujus
532 3051 596 3109 pars
610 3031 662 3089 suit
676 3031 824 3108 Ephesius
839 3031 979 3090 Ecclesia.

149 3126 215 3206 ocj.
230 3134 249 3187 7
269 3128 403 3187 Ecclesia
417 3114 593 3185 Universalis
609 3146 665 3191 non
667 3126 773 3209 'poted
786 3128 915 3186 Romana
925 3110 1054 3205 intelligi,
1069 3127 1120 3186 sed
1134 3138 1285 3201 quacum·

13 3248 17 3265 ¹
106 3245 159 3301 que
175 3225 304 3285 venmtes
318 3224 481 3284 essentiales
496 3225 605 3293 retinet,
620 3243 673 3282 nec
687 3225 764 3283 enim
775 3225 810 3282 de
825 3225 954 3285 Romana
967 3225 1034 3283 sede
1049 3225 1093 3331 ¹rel
1107 3225 1286 3285 Ecclesiaeo
1359 3270 1362 3277 .

23 3334 46 3383 -'.·
105 3326 160 3385 loci
174 3327 275 3405 agitur.
336 3386 345 3399 ,

51 3412 54 3417 ’
129 3423 230 3502 Beep.
247 3418 392 3501 Agiturde
406 3421 538 3482 Ecclesia
551 3374 659 3481 Christi
674 3438 758 3495 quam
769 3440 855 3499 super
868 3405 984 3481 Petrum
995 3401 1132 3483 fundavit.
1152 3421 1223 3499 Ipsa
1235 3432 1282 3482 est

103 3521 290 3589 Universalis,
304 3539 367 3594 qnae
377 3539 428 3578 sua
442 3519 628 3601 auctoritatae
640 3518 756 3577 Christo
767 3518 891 3578 derivata
901 3538 1000 3577 ornnes
1012 3517 1222 3596 complectitur,
1229 3538 1286 3577 nec
1298 3592 1301 3597 Ι

103 3618 180 3677 enim
193 3619 269 3676 urbis
290 3618 390 3676 Rotnae
404 3612 520 3675 circuitu
534 3617 699 3684 continetur,
714 3616 769 3674 sed·
786 3635 836 3694 per
856 3617 954 3675 orbem
967 3612 1141 3683 diffunditur,
1156 3615 1284 3692 Episc'o-

19 3712 24 3723 “
103 3732 172 3791 pum
192 3704 353 3773 Romanum
373 3713 524 3792 presidem
537 3723 565 3771 et
584 3704 731 3780 rectorem,
746 3715 807 3770 vice
823 3713 931 3771 Christi
945 3732 1111 3791 agnoscens.
1153 3712 1309 3774 Nullum·

103 3810 135 3869 fit
148 3808 293 3870 v'eritatnm
308 3813 337 3870 in
351 3812 511 3870 testimonio
531 3810 694 3878 discrimen,
709 3808 762 3866 sed
780 3810 945 3887 simpliciter
959 3820 987 3867 et
1007 3810 1132 3868 absolute
1153 3811 1285 3869 veritatis

101 3924 215 4001 semper
238 3929 397 4005 preconem
421 3921 450 3968 et
470 3908 622 3976 vindicem,
641 3909 747 3981 absque
769 3907 827 3965 ullo
849 3927 952 3976 errore,
972 3907 1140 3985 designant:
1169 3906 1280 3967 idcirco

101 4006 248 4086 “propter
270 4025 357 4065 unum
371 3990 485 4065 verbum
500 4015 546 4064 ant
565 4005 622 4064 duo
636 4025 698 4079 quae
703 4002 848 4063 contraria
862 4004 928 4062 fidei
948 4017 1013 4064 sunt
1034 4007 1128 4064 mnltae
1149 3998 1280 4065 hereses
1314 4058 1317 4063 .

102 4108 216 4188 abjec'tae
231 4108 341 4166 suntab
355 4104 514 4175 Ecclesia?
518 4104 589 4189 ’⁹uti
603 4103 796 4163 animadvertit
810 4104 999 4182 Epiphanius.
1021 4105 1089 4163 Vim
1100 4106 1282 4182 metaphorae

164 4340 230 4390 llon.
240 4337 292 4387 LV.
303 4336 418 4387 incxrl.
430 4335 502 4386 Mati.
613 4342 616 4349 “

131 4425 168 4487 (2)
185 4421 210 4471 S.
221 4419 309 4484 Epiph,
320 4417 430 4468 udJoan.
441 4418 537 4469 Hieros.
532 4436 571 4484 .p
582 4418 636 4469 428.
669 4418 698 4469 ld
709 4434 767 4468 cum
783 4416 951 4482 leutbrepetit
962 4417 1129 4482 Hieronymus
1140 4416 1214 4482 Apol.
1223 4418 1287 4468 adv.

99 4508 182 4561 Rufio·
194 4504 233 4556 fol.
246 4504 291 4554 ltu
303 4519 334 4553 cx
345 4503 421 4552 ultera
432 4508 507 4566 parte.
607 4580 611 4586 .
