2738 5032
113 262 167 318 162
304 254 307 263 ’
458 261 514 319 DE
538 261 733 321 Urtl'l'n'rls
753 262 935 325 CENTRO.

109 417 186 476 enim
201 418 262 476 sola
281 418 397 477 honoris
412 419 596 496 praecedentia
609 419 643 478 ad
661 432 764 480 tantm
778 423 985 481 multitudinem
999 423 1211 482 coadunandum
1227 422 1288 481 sni·

108 512 215 581 ficeret,
231 533 318 586 quum
333 516 368 573 ob
384 516 475 573 studia
488 517 562 573 varia
579 516 660 575 facile
674 518 798 590 alioquin
812 517 1046 577 discinderentur.

151 607 217 689 obj.
239 610 371 668 Christus
393 624 471 688 petra
492 625 536 668 est
551 611 793 679 ecclesiasten
813 632 850 671 ex
872 615 961 690 figura
982 633 1045 687 que
1068 614 1143 691 apud
1164 613 1286 673 Jndteos

30 720 33 725 ·
108 708 255 781 precessit
275 708 381 780 liquet:
405 708 520 766 “Petra
540 720 632 767 autem
653 722 712 766 erat
732 709 897 769 Christus.”
931 711 1031 769 lCor.
1045 730 1075 768 x.
1110 711 1150 769 Et
1169 711 1290 784 quidem

107 814 216 880 petram
231 825 247 861 a
260 805 344 863 Petro
359 807 390 863 S.
406 805 589 887 Evangelieta
602 820 728 865 accurate
743 807 898 884 distinguit

147 901 234 979 Resp.
256 903 290 960 ln
303 906 396 963 verbis
408 903 442 961 de
454 904 557 976 quibus
571 905 661 981 agitur
670 906 773 963 Simon
783 906 873 963 dictus
884 918 929 964 est
938 917 1025 982 petra,
1034 908 1166 965 relativus
1177 908 1290 984 quippe

106 999 239 1057 articulus
262 1001 410 1058 manifesto
431 1000 560 1077 designat
581 1019 642 1058 eam
662 1001 697 1058 de
717 1021 772 1074 qua
785 1004 877 1061 statim
897 1003 1006 1061 locutus
1023 1004 1112 1062 fuerat
1130 1003 1287 1064 Christus:

107 1106 128 1133 ‘⁶
138 1096 185 1154 Τιι
199 1116 230 1154 es
245 1098 356 1166 Petrus,
371 1110 400 1156 et
413 1118 498 1174 super
512 1100 584 1156 hanc
598 1112 705 1175 petram
716 1100 746 1167 ;”
762 1113 791 1159 et
800 1102 876 1158 nulla
889 1103 957 1160 sinit
966 1086 1036 1160 ratio
1050 1114 1132 1160 rectae
1149 1103 1290 1179 interpre-

107 1194 229 1263 tationis,
244 1209 275 1253 ut
293 1215 357 1268 quae
370 1196 532 1273 precedunt
544 1208 573 1253 et
592 1209 747 1269 sequuntur
766 1197 801 1255 ad
822 1198 936 1257 Petrum
948 1199 1119 1283 ¹reserantur,
1133 1210 1170 1256 et·
1182 1199 1288 1258 mediae

105 1296 161 1354 illa
175 1316 259 1355 voces
274 1298 308 1356 de
323 1300 378 1356 alio
389 1297 574 1374 explicentur,
589 1315 675 1369 quum
690 1297 799 1355 nullum
810 1299 848 1354 sit
858 1299 1018 1356 mutationis
1032 1299 1179 1357 indicium.
1211 1280 1289 1357 Tes-

105 1395 255 1453 timonium
270 1410 364 1454 autem
378 1396 461 1455 Pauli
473 1395 545 1451 nihil
558 1395 642 1452 habet
654 1414 719 1453 cum
731 1395 840 1453 Christi
850 1397 943 1454 verbis
957 1415 1117 1463 commune,
1129 1397 1288 1472 Apostolus

106 1494 213 1570 quippe
229 1494 345 1571 liguram
362 1493 470 1550 Christi
491 1493 577 1550 fontis
591 1493 689 1551 salutis
712 1495 890 1570 praecessisse
912 1494 1008 1552 docuit
1020 1496 1050 1552 in
1070 1506 1149 1571 petra
1166 1512 1205 1551 ex
1218 1513 1288 1567 qua,

24 1664 30 1671 Ι
106 1590 191 1648 Mose
205 1590 378 1665 percutiente
392 1590 479 1666 virga,
494 1601 647 1666 eruperunt
659 1610 748 1663 aquae.
780 1590 912 1647 Christus
925 1591 1093 1663 loquiturde
1107 1601 1185 1667 petra
1198 1610 1289 1667 supra

106 1704 190 1758 quam
212 1686 273 1761 ipse
295 1686 432 1745 Ecclesia
453 1686 606 1744 (edificium
626 1700 703 1745 esset
722 1698 909 1745 extincturus.
950 1687 1034 1754 Quod
1055 1700 1148 1745 autem
1169 1697 1249 1764 petra
1268 1707 1286 1744 a

104 1783 191 1842 Petro
205 1784 235 1843 in
246 1784 346 1843 Latina
359 1786 498 1853 versione,
513 1786 586 1843 sicut
599 1795 628 1842 et
640 1801 717 1854 ιετριι
729 1804 745 1840 a
756 1794 852 1854 Πετρος
866 1785 896 1843 in
911 1785 1012 1844 Gracco
1027 1796 1116 1853 natu,
1129 1784 1286 1861 distingne·

105 1889 157 1947 tur,
179 1881 297 1958 contigit
309 1901 346 1940 cx
363 1901 398 1940 eo
418 1880 494 1954 quod
514 1880 670 1938 masculina
689 1879 846 1937 terminatio
867 1881 957 1957 magis
977 1881 1087 1940 homini
1107 1881 1285 1949 conveniret,

103 1977 258 2053 presertim
268 1978 352 2054 juxta
366 1979 530 2036 Graecorum
544 1994 638 2042 usum,
651 1974 786 2032 feminina
799 1973 864 2045 verd
880 1994 936 2034 vox
951 1978 1008 2035 vim
1018 1977 1141 2035 nominis
1155 1988 1185 2034 et
1196 1990 1288 2035 meta·

102 2074 198 2153 phorre
207 2078 362 2134 accuratius
371 2075 538 2133 exhiberet.¹
558 2073 669 2149 Lingua
677 2072 753 2148 Syro
764 2071 928 2142 Chaldaica,
938 2093 996 2146 qua
1005 2092 1074 2131 neus
1083 2084 1127 2131 eat
1137 2064 1285 2143 Christus,

103 2172 212 2230 nullum
227 2173 343 2234 omnino
357 2171 519 2229 discrimini·
534 2170 639 2246 praebet
652 2169 756 2236 locum,
770 2170 813 2228 uti
826 2171 939 2246 agnovit
958 2172 1020 2247 ipse
1034 2171 1127 2228 Beza:
1150 2180 1171 2206 ⁴³
1183 2169 1289 2229 Domi·

102 2286 157 2326 nus
180 2268 297 2345 Syrisce
321 2269 441 2341 loquens
466 2267 543 2325 nulla
567 2285 636 2323 usus
650 2276 694 2323 eet
715 2267 959 2342 agnominatione,
969 2266 1020 2324 e'ed
1040 2267 1190 2339 utrobique
1209 2266 1288 2325 dixit

101 2363 202 2438 oeplm,
214 2362 451 2435 quemadmodum
465 2362 646 2423 vernaculum
661 2380 766 2419 nomen
777 2361 880 2420 Pierre
892 2374 946 2419 nm
962 2361 997 2421 de
1011 2363 1135 2438 proprio,
1146 2381 1234 2435 qnam
1248 2362 1286 2421 de

101 2460 270 2536 appellativo
285 2459 430 2517 dicitur.’'⁵
470 2458 637 2516 consonant
651 2459 768 2533 Syriaca
781 2459 900 2516 Arabica
913 2452 1109 2517 et'Cbaldaica
1123 2461 1283 2519 versiones.
1305 2492 1313 2501 ·

144 2554 209 2634 obj.
225 2560 270 2614 2⁰.
292 2557 466 2634 Augustinus
480 2574 567 2628 quum
581 2574 645 2612 eam
660 2555 809 2627 aliquando
824 2574 923 2613 vocem
937 2555 972 2614 de
982 2556 1066 2614 Petro
1080 2542 1282 2633 interpretatus

101 2666 186 2723 esset,
201 2675 281 2713 suam
296 2655 397 2713 melius
412 2655 528 2712 edoctus
541 2653 742 2710 retractandam
757 2652 838 2711 duxit
852 2655 1046 2712 sententiam.8
1123 2696 1133 2707 .

54 2732 74 2793 .'
139 2753 232 2832 Ruspi
244 2754 337 2813 Haesit
347 2752 462 2828 quidem
477 2770 591 2831 anceps,
604 2761 632 2808 et
642 2752 753 2809 arbitrio
768 2751 1115 2830 legentis-rem-permisit:
1139 2763 1159 2791 ‘⁴
1170 2754 1284 2814 Hsmm

20 2926 23 2931 Ι
99 2862 194 2909 antem
218 2850 336 2909 duarum
362 2851 574 2916 sententiarum,
594 2867 657 2921 quae
682 2849 719 2905 sit
742 2848 920 2925 probabilior,
944 2850 1188 2926 eliget-lecter.”⁴.
1228 2850 1285 2909 Illa

65 2971 69 2975 ’
99 2950 202 3007 mentis
217 2948 343 3006 dubietas
357 2967 394 3006 ex
417 2948 518 3005 Graeco
533 2957 610 3005 textu
624 2950 683 3005 orta
700 2956 826 3013 estnon
845 2947 922 3004 enim
937 2948 1090 3024 ,Syriacam
1110 2932 1207 3007 cailuit
1223 2948 1283 3008 lin·

100 3064 195 3123 guam,
210 3045 329 3117 ideoque
344 3065 401 3102 non
415 3046 502 3102 valuit
514 3045 569 3102 sibi
580 3044 615 3101 de
626 3044 732 3120 duplici
747 3063 816 3101 voce
829 3044 944 3115 reddere
958 3045 1105 3103 munnem.
1136 3046 1284 3111 Ceterum

100 3162 158 3203 nun
173 3142 309 3201 dubitavit
321 3142 356 3200 de
369 3143 433 3218 ipso
447 3142 578 3219 primatu,
594 3160 679 3214 quem
693 3143 786 3218 potins
801 3133 984 3218 amplissimis
999 3144 1113 3220 agnovit
1126 3145 1232 3217 verbis,
1253 3156 1285 3205 et

99 3254 281 3321 communem
295 3256 359 3296 esee
379 3236 636 3312 interpretationem
658 3246 743 3312 petre
758 3235 792 3293 de
806 3237 892 3295 Petro
912 3248 1028 3297 testatus
1048 3250 1101 3306 est,
1115 3240 1162 3297 cui
1176 3239 1285 3317 etipse

99 3340 167 3399 alias
182 3338 321 3397 adheret:
344 3345 363 3375 “
373 3336 459 3394 Solus
474 3335 546 3396 inter
556 3334 710 3411 Apostolos
719 3329 821 3393 meruit
831 3335 946 3399 audire:
962 3338 1054 3394 Amen
1065 3336 1129 3394 dico
1140 3337 1201 3405 tibi,
1213 3338 1286 3410 quia

53 3456 56 3461 ·
99 3448 179 3495 tues
199 3437 313 3502 Petrus,
327 3446 356 3492 et
371 3451 457 3509 super
477 3431 550 3489 hanc
570 3443 678 3508 petram
698 3431 842 3490 edificabo
863 3433 1022 3507 Ecclesiam
1042 3450 1155 3491 mesine
1175 3433 1286 3511 dignus

92 3524 185 3599 ¹certe,
200 3534 249 3606 qui
270 3528 440 3589 aedificandis
455 3528 485 3586 iu
505 3529 589 3587 domo
610 3528 667 3589 Dei
686 3529 799 3605 populis
820 3529 891 3606 lapis
906 3524 982 3586 esset
996 3529 1032 3587 ad
1052 3529 1280 3602 fundamentum,

100 3628 231 3689 columna
243 3629 277 3686 ad
292 3628 522 3695 sustentaculum,
537 3628 624 3684 clavis
633 3626 672 3685 ad
686 3626 852 3704 regnum.²’⁶
891 3626 975 3685 Hanc
988 3622 1208 3703 explicationem
1221 3618 1282 3689 'ad-

100 3725 213 3783 mittunt
225 3743 324 3783 omnes
338 3726 394 3783 sere
409 3724 527 3801 alicujus
543 3735 615 3781 nota
633 3724 807 3799 interpretes,
822 3724 906 3781 etiam
926 3723 998 3781 iuter
1018 3724 1221 3794 Protestantes,
1236 3726 1280 3784 ita

100 3832 132 3878 ut
144 3821 193 3878 vix
206 3821 278 3878 ullus
294 3821 443 3881 discrimen
458 3822 529 3879 inter
549 3830 656 3897 petram
671 3830 699 3876 et
718 3819 836 3905 Petrum·
848 3819 967 3897 amplius
985 3830 1095 3888 statuat,
1110 3821 1152 3878 uti
1165 3821 1284 3883 adnotat

133 4014 170 4074 (1)
187 4013 303 4062 Calvinus
315 4013 363 4062 nit:
379 4013 473 4070 “idenr,
484 4011 568 4069 fateor,
581 4011 644 4074 npud
661 4011 761 4059 Grecos
779 4010 902 4074 significat
913 3994 1002 4062 Petrus
1018 4020 1043 4062 et
1053 4012 1134 4085 Petra,
1145 4013 1194 4063 uisi
1212 4018 1282 4079 quod

100 4098 168 4164 prius
184 4112 273 4146 nomen
285 4097 393 4146 Atticum
410 4104 455 4155 est,
466 4097 568 4145 alterum
586 4111 642 4158 uero
658 4093 795 4143 communis
812 4094 928 4158 lingnae.”
961 4097 1093 4146 comment
1110 4097 1136 4145 in
1149 4098 1196 4149 loc.
1208 4099 1286 4150 Mart.

99 4179 223 4247 Adjungit
233 4186 315 4228 tamen
326 4179 437 4228 consulto
448 4185 569 4227 mutatum
585 4192 663 4242 genus
676 4193 691 4225 a
706 4176 833 4235 Matheo,
843 4184 871 4226 ut
881 4178 1004 4227 diversum
1014 4179 1104 4242 ahquid
1116 4180 1286 4243 exprimeret:

99 4273 125 4316 et
134 4263 276 4314 hariolando
287 4260 358 4310 dicit:
369 4267 383 4291 “
392 4278 437 4312 nec
448 4262 539 4321 dubito,
551 4261 610 4325 qnin
621 4260 669 4313 ula
680 4260 810 4309 discrimen
822 4262 946 4315 notaverit·
952 4262 1066 4313 Christus
1075 4279 1119 4312 sue
1128 4262 1242 4330 lingua?

133 4347 171 4410 (2)
188 4346 253 4395 Beze
263 4344 289 4393 in
300 4344 389 4392 locum.

131 4429 168 4493 (dl
187 4428 214 4478 L.
230 4429 242 4477 l
255 4432 351 4476 retract.
361 4440 382 4474 c.
393 4427 441 4474 xxi.

132 4515 169 4576 (4)
187 4511 251 4564 Ibin

134 4600 169 4662 (5)
185 4598 250 4662 Aug.
261 4596 331 4645 Serm
342 4594 373 4644 29
383 4593 414 4643 de
425 4592 529 4656 Sanctis,

145 4868 167 4957 'l
