2738 5032
119 223 174 279 106
234 218 289 278 DE
311 216 636 278 PROPAGATIONE
658 216 876 276 ECCLESIAE
898 218 1180 280 CHRISTIANAE.

114 377 238 454 patrarir
262 385 341 435 etex
354 377 513 439 animorum
534 376 732 452 conjunctione
752 393 815 453 que
835 377 972 452 regimina
991 377 1123 436 strictiori
1143 378 1304 474 fovebatur.

116 473 241 535 Favebat
253 473 338 531 etiam
353 483 393 531 tot
405 472 531 550 gentium
547 459 666 549 imperio
681 471 814 530 Romano
827 472 974 548 subjectio.

158 565 246 643 Rerp.
269 567 469 641 Eclectismus,
484 584 534 625 seu
550 567 603 624 alia
617 567 726 638 quaeris
737 566 918 643 philosophia
937 568 1055 648 minime
1069 568 1240 646 disponebat
1252 569 1306 629 ho·

116 663 208 721 mines
234 663 269 721 ad
289 664 376 723 fidem
398 665 591 723 Christianam
605 663 847 740 amplectendam
868 663 929 722 hec
951 665 1028 723 enim
1050 678 1152 742 praeter
1171 665 1306 745 dogmata

116 759 151 819 de
164 781 223 819 uuo
243 762 316 831 Deo,
332 761 415 823 etde
436 763 531 820 anima
551 762 713 828 immortali,
728 761 850 838 plurima
871 763 1044 851 proponebat
1062 762 1204 823 credenda
1223 776 1253 853 pt
1265 766 1305 823 sa·

115 858 224 925 cienda,
240 880 257 916 a
270 880 326 941 qna
336 860 522 938 philosophia
533 859 650 917 omnino
670 859 845 927 abhorrebat.
886 850 928 916 llt
940 858 975 916 de
989 860 1099 919 ceteris
1113 871 1233 931 taceam,
1246 863 1306 921 cul·

118 967 163 1014 rus
178 958 306 1016 crucifixi
319 959 500 1036 philosophis
521 956 644 1015 maxime
665 955 843 1014 absurdus
816 975 895 1013 ιιιιιι
915 967 968 1024 est,
982 975 1070 1031 quum
1091 949 1213 1033 mortem
1226 960 1306 1019 illam

117 1070 217 1123 omnes
228 1054 389 1131 ignominie
404 1057 432 1111 et
445 1054 576 1112 infamiae
592 1051 734 1110 ducerent.
770 1048 944 1124 Frequenter
957 1053 1012 1111 illae
1026 1040 1192 1122 occasiones
1203 1030 1306 1115 Chris·

118 1150 201 1208 nauis
215 1150 313 1209 oblate
322 1170 386 1208 sese
400 1152 434 1208 ιιι
445 1150 577 1210 Ethnicis
587 1147 788 1225 distinguendi,
799 1167 886 1221 quum
897 1148 1015 1227 singulae
1024 1142 1085 1207 ¹fere
1097 1151 1223 1229 actiones
1234 1152 1307 1210 Eth-

121 1246 186 1304 nica
200 1247 294 1320 aliqua
307 1247 507 1323 superstitione
526 1245 714 1311 inficerentur,
727 1245 876 1303 obstabant
888 1244 1046 1322 Religionis
1060 1241 1224 1337 diffusioni3
1237 1267 1306 1331 nam

121 1341 253 1410 homines
267 1342 408 1419 proclives
423 1351 488 1398 sunt
502 1338 537 1399 ad
553 1340 661 1397 turbam
679 1339 874 1412 sequendam
866 1360 896 1401 ιιι
910 1340 1159 1426 consuetudinibus
1173 1331 1307 1420 receptis,

119 1440 273 1523 prasertim
288 1439 313 1503 si
327 1448 516 1513 contemptus,
532 1437 643 1514 probra,
653 1456 789 1495 sarumnae
803 1455 841 1495 ex
861 1437 915 1496 alia
935 1438 1036 1516 agendi
1055 1440 1162 1497 ratione
1168 1451 1310 1507 secutura

119 1536 193 1595 sint.
226 1535 380 1594 Studium
372 1536 458 1611 igitur
478 1528 705 1615 Chrrslianorum
721 1553 770 1613 pro
785 1534 952 1612 Religionis
963 1535 1125 1604 diffusione,
1140 1548 1169 1595 et
1182 1537 1307 1626 fidelitas

108 1632 151 1690 in
163 1633 282 1710 singulis
296 1632 459 1690 muneribus
479 1625 667 1704 exequendis,
682 1631 781 1691 sedulo
794 1632 896 1690 evitata
910 1652 988 1695 omni
979 1624 1073 1694 'mali
1082 1634 1192 1710 specio,
1203 1653 1309 1712 prore·

119 1730 235 1791 aiebant
247 1740 284 1788 ex
299 1730 399 1787 intimo
412 1729 537 1786 veritatis
552 1747 646 1787 amore
661 1739 687 1786 et
699 1747 795 1786 sensu.
828 1729 969 1787 Puriores
984 1718 1067 1788 eliam
1082 1748 1187 1819 mores,
1202 1732 1310 1805 quibus

91 1826 206 1887 ‚bdsm
227 1844 308 1886 suam
328 1826 572 1897 commendabant,
598 1823 712 1883 dirin'ae
701 1826 784 1909 ejus
805 1826 929 1883 veritatis
952 1837 993 1885 et
989 1827 1133 1919 originis
1141 1826 1311 1906 argomento

120 1924 320 1987 fuerunthaud
337 1908 406 1985 leri.
448 1924 650 1983 Miraculorum
672 1922 745 1980 tama
760 1941 930 1995 numquam
927 1914 1112 1993 obtinuisset,
1127 1918 1152 1983 si
1176 1926 1256 2007 nulla
1269 1927 1312 1985 in·

120 2022 211 2081 issent
223 2018 304 2081 sacta.
344 2022 512 2109 Animorum
521 2020 683 2096 conjunctio
692 2030 731 2078 ex
732 2020 840 2079 eodem
851 2021 943 2097 capite
952 2003 1144 2106 (ιιιιιιιιιιιιι,
1148 2023 1214 2081 ideo
1228 2020 1309 2084 enirn

110 2140 195 2179 -unns
214 2120 326 2177 animus
339 2120 470 2179 omnibus
485 2115 563 2195 risus
584 2114 717 2190 estquod
736 2121 838 2182 veritas
856 2138 906 2198 eos
921 2120 1007 2177 veluti
1021 2102 1173 2198 colligatos
1188 2120 1309 2182 teneret.

123 2217 265 2293 Regimen
280 2215 450 2291 pariterque
465 2216 496 2272 in
510 2229 601 2272 unum
612 2219 713 2291 corpus
721 2203 801 2274 tanta
814 2194 962 2275 multitudo
960 2215 1169 2289 cdarsniebat,
1178 2216 1312 2278 divim

122 2312 282 2375 fundatoris
293 2312 428 2371 Ecclesiae
443 2311 611 2388 sapientiam
632 2302 805 2370 ostendebat.
847 2311 932 2380 Quod
944 2323 1038 2373 autem
1056 2314 1169 2393 imperii
1183 2314 1311 2381 Romani

110 2395 279 2507 'amplitudo
300 2398 458 2486 Religionis
479 2408 624 2500 diffusioni
645 2396 753 2481 faverit,
768 2406 860 2467 oblata
876 2411 959 2486 copia
971 2392 1046 2468 fidei
1059 2413 1237 2501 paeonibus
1251 2414 1311 2473 linc

123 2507 201 2565 illuc
203 2525 267 2564 sese
264 2499 455 2576 conferendi,
470 2496 526 2564 nou
541 2517 586 2563 est
598 2505 798 2565 dubitandum-t
813 2517 943 2566 caetsrum
959 2527 1045 2566 nemo
1059 2510 1122 2567 sibi·
1119 2511 1312 2603 persuadebit

122 2603 254 2663 homines
269 2603 420 2680 plerosque
431 2603 567 2680 mysteria
579 2601 743 2662 Christiana
753 2614 781 2661 et
794 2616 933 2682 praecepta
943 2605 1093 2681 amplexos
1101 2624 1167 2665 esse
1180 2607 1235 2673 bae
1248 2579 1313 2669 sold
1333 2685 1335 2688 Α

71 2698 73 2702 ⁴
110 2702 231 2765 ratione
244 2711 348 2787 motos,
362 2699 459 2774 quod
448 2719 509 2778 Jam
523 2697 660 2777 ceperint
674 2700 773 2759 Rome
788 2701 943 2807 dirulgari:
956 2703 1138 2842 praesertim
1130 2722 1219 2829 quum
1236 2725 1312 2808 aco

118 2782 354 2863 vtoritascirilis
335 2818 370 2857 ιιι
386 2814 508 2862 maxime
522 2796 724 2856 adversaretur.
764 2812 789 2838 *³
830 2831 832 2835 .
874 2814 883 2825 ·’
1183 2837 1195 2848 ,

168 2896 234 2974 cuj.
249 2901 278 2954 3.
299 2896 365 2973 Ιριι
386 2897 553 2973 persecutio
566 2880 758 2954 Christianam
778 2894 957 2972 Religionem
980 2862 1154 2991 propagarit,
1168 2882 1236 2958 narn
1257 2863 1312 2960 bu·

123 3002 269 3050 manaeast
280 2992 392 3051 indolis
398 2993 523 3051 tenacius
538 2991 688 3051 adhaerere
702 2992 797 3072 ιιιιιο,
814 2993 936 3068 compati
951 2985 1075 3060 afflictis,
1083 3005 1112 3069 ιι
1125 2990 1221 3058 mirari
1212 2996 1311 3070 qnod

125 3090 248 3164 potestas
268 3087 369 3144 fmstra
383 3070 496 3146 laborat
515 3089 685 3165 opprimere.
727 3088 867 3147 Praeterea
882 3087 1038 3151 Christiani
1057 3091 1221 3151 interfectos
1241 3094 1312 3153 fidei

125 3202 212 3245 causa
225 3193 367 3255 tamquam
381 3181 492 3251 heroes,
508 3183 541 3240 ad
557 3180 652 3240 Deum
665 3196 789 3250 erectos,
804 3181 943 3254 laudibus,
965 3169 1199 3261 honoribusque
1190 3185 1319 3268 insigni·

126 3281 180 3340 bus
190 3280 375 3367 celebrabant,
391 3298 447 3361 qua
459 3281 565 3337 ratione
580 3276 691 3338 adducti
705 3294 771 3337 sunt
776 3270 899 3357 plurimi
912 3292 944 3387 ιιι
955 3283 1009 3341 hos
1024 3284 1161 3375 ambirent
1171 3285 1310 3358 honores,
1328 3324 1332 3329 -

129 3376 318 3444 Christiani,
310 3396 367 3434 rmo
382 3386 410 3433 ιι
423 3385 565 3452 martyres
564 3376 675 3434 iactit‘
767 3439 769 3442 Α
1282 3424 1285 3431 .

168 3467 257 3552 Resp.
279 3474 388 3532 Veriss'
365 3473 561 3531 ιιιιιιιιιιιιιιιι
558 3473 787 3531 aTertulliano:
819 3474 1073 3548 ‘tNecquicquarn
1087 3470 1181 3535 ιιιιιιιι
1181 3441 1312 3566 proficit

119 3574 295 3645 exquisitior
310 3589 431 3654 quaeque
452 3558 600 3628 crudelitas
622 3582 730 3640 vestra3
753 3572 890 3629 illecebra
903 3583 949 3628 est
964 3576 1055 3650 magis
1069 3587 1164 3631 sectae
1206 3576 1311 3637 Plures

130 3670 278 3738 efficimur,
294 3657 404 3745 qbotiss
426 3671 595 3757 ιιιιιιιιιιιιι
609 3654 707 3727 robis:
730 3689 828 3728 semen
842 3670 1014 3746 estranguis
1035 3670 1294 3733 Christianorum)
1291 3677 1315 3712 ’1

130 3750 246 3825 Frustra
258 3777 355 3842 tamen
367 3767 396 3825 in
411 3767 497 3825 animi
507 3752 665 3842 pertinacia
679 3756 847 3839 quareretur
858 3757 927 3822 ratio
941 3768 1016 3824 aucti
1029 3768 1127 3844 populi
1140 3754 1313 3841 Christiani,

132 3842 260 3933 quamvis
283 3862 411 3921 enimin
435 3863 559 3935 qualibet
578 3862 711 3938 opinione
734 3860 837 3918 tuenda
858 3861 944 3934 aliqui
963 3863 1157 3922 obstinatiores
1177 3867 1262 3935 liant,
1285 3870 1314 3929 vi

132 3957 217 4027 illata,
232 3957 347 4032 plurimi
361 3968 453 4018 tamen
466 3959 633 4033 plerumque
642 3956 753 4025 cedunt,
769 3958 886 4030 vitasque
899 3959 1046 4016 commoda
1059 3960 1112 4016 sibi
1124 3961 1238 4049 potiora
1248 3982 1315 4022 sen·

132 4053 219 4111 tentia
232 4051 345 4109 ducunt
389 4053 437 4119 Ex
451 4053 506 4110 illis
527 4053 575 4125 qui
595 4042 673 4109 nullo
688 4051 808 4128 partiam
825 4050 917 4110 studio
939 4065 1004 4112 sunt
1008 4037 1137 4123 abducti,
1154 4056 1203 4115 rix
1225 4044 1315 4133 aliqui

132 4137 309 4225 reperiuntur
323 4149 391 4231 adeo
414 4130 604 4207 misericordia
619 4148 672 4204 vel
680 4138 863 4217 admiratione
884 4149 953 4207 muti
967 4160 998 4208 ut
1011 4149 1175 4229 proscriptis
1187 4151 1315 4218 homini·

133 4246 186 4305 bus
201 4245 319 4311 faveant,
334 4244 379 4302 vel
393 4263 456 4303 sese
471 4231 631 4322 adjungant,
644 4244 699 4301 nist
691 4244 783 4301 lucri
795 4244 839 4302 vel
850 4244 972 4320 honoris
976 4257 1073 4324 urgeat
1082 4247 1197 4325 cupido.
1239 4248 1316 4308 Haec

133 4349 200 4404 vero
211 4342 366 4402 nulla-esre
380 4344 471 4418 potuit
482 4342 713 4416 amplectentibus
729 4341 918 4413 Christianam
931 4344 1120 4423 Religionem,
1132 4347 1202 4434 quin
1216 4348 1316 4424 potius

1149 4487 1153 4493 ·
1181 4427 1189 4519 'i

451 4585 455 4595 ,
544 4533 579 4595 ιι)
596 4496 904 4597 ιιιριιιιιιιιι,
998 4503 1001 4507 ’
