2738 5032
351 242 431 335 'nn
454 268 680 333 urrunnun
701 262 943 329 nonnarum.
1193 260 1253 319 aas

64 431 189 503 solvitur
202 429 278 505 quod
291 430 420 500 solvunt;
434 430 522 504 etqui
536 429 699 489 Ecclesiam
710 428 749 486 ita
761 428 924 501 loquentem
934 444 992 484 non
1003 422 1150 491 audiverit,
1163 422 1253 481 instar

65 528 186 587 Ethnici
201 538 230 586 et
243 528 383 605 publicani
398 537 442 587 est
456 526 611 586 habendus.

110 623 357 687 Controversia'de
368 624 535 687 necessitate
543 622 710 701 injungendi
719 620 860 699 gentibus,
874 618 908 677 ad
920 618 1005 677 fidem
1017 614 1172 684 conversis,
1182 616 1253 674 ritus

69 723 227 791 Mosaicos',
242 742 305 796 qua
319 723 477 783 Antiochia
492 731 553 780 orta
565 732 618 790 est,
628 720 663 779 ad
678 719 841 797 Apostolos,
857 728 886 776 st
899 717 1097 794 Presbyteros,
1112 715 1161 788 qui
1182 714 1254 772 Hie·

67 817 223 894 rosolyruis
234 818 424 886 versabantur,
434 817 520 875 relata
533 827 594 875 est:
610 826 857 888 conveneruntque
867 813 901 871 ds
916 832 950 870 ea
963 811 1112 889 cognituri.
1134 810 1253 886 Discsp·

69 914 179 977 atione
189 915 310 992 partium
324 913 427 984 audita,
442 915 544 973 Petrus
559 914 658 971 acriter
670 912 851 989 reprehendit
864 929 914 969 eos
928 910 977 984 qui
989 928 1062 968 onus
1077 907 1152 966 haud
1161 908 1253 967 seren·

69 1011 137 1073 dum
151 1013 283 1091 gentibus
292 1014 443 1090 imponere
464 1014 603 1080 volebant,
618 1022 647 1070 et
666 1011 848 1089 pergratiam
868 1010 944 1069 Jesu·
954 1010 1063 1068 Christi
1078 1027 1110 1066 se
1124 1020 1254 1068 caeteros·

71 1128 128 1184 que
150 1128 189 1168 ex
210 1108 360 1170 ludaismo
383 1129 537 1171 conversos
559 1110 679 1169 salutem
703 1127 816 1186 sperare
843 1108 924 1175 dixit,
951 1127 1007 1182 qua
1033 1106 1118 1165 etiam
1143 1108 1250 1166 ratione

71 1216 226 1266 conversos
240 1225 277 1264 ex
290 1208 420 1284 gentibus
434 1206 553 1264 salutem
567 1216 745 1265 assecuturos
759 1205 816 1264 fide
830 1206 970 1264 tenebant.
1002 1203 1147 1261 Siluerunt
1160 1204 1254 1263 statim

72 1297 183 1370 omnes,
198 1301 420 1380 omni'deposita
433 1302 615 1370 dubitatione,
630 1311 659 1360 et
678 1302 800 1361 Paulum
814 1313 843 1361 et
862 1302 1031 1368 Bamabam,
1046 1299 1082 1358 do
1097 1300 1177 1359 miris
1198 1298 1255 1357 Dei

73 1399 102 1475 in
112 1398 235 1458 salutem
250 1400 376 1476 gentium
390 1398 532 1477 operibus,
547 1399 661 1457 arrectis
675 1399 787 1457 auribus
799 1399 956 1458 audierunt
986 1396 1140 1474 Proposuit
1153 1386 1256 1453 deindo

72 1494 207 1563 lacobus,
222 1495 387 1573 Episcopus
402 1494 692 1571 Hierosolymarius,
703 1495 752 1568 qui
763 1494 917 1573 Apostolus
932 1493 1074 1573 plerisque
1089 1492 1216 1559 habetur,
1226 1499 1258 1550 ut

72 1594 240 1652 scriberetur
266 1594 386 1671 epistola
409 1610 465 1667 qua
485 1602 666 1657 monerentur
684 1590 783 1651 fideles
804 1594 838 1651 ab
855 1574 1041 1652 ¹Ethnicismo
1061 1590 1206 1660 conversi,
1226 1597 1258 1648 ut

72 1692 245 1763 abstinerent
263 1712 281 1750 a
304 1691 498 1759 somic'atio'ne,
519 1692 602 1750 stab
626 1690 804 1767 idolothytis,
818 1691 864 1748 sel
884 1689 1040 1749 suffocatis.
1089 1686 1193 1748 Visum
1212 1686 1258 1746 est

72 1787 158 1866 igitur
178 1789 334 1866 Apostolls,
350 1797 379 1846 et
400 1787 589 1865 Presbyteris,
613 1805 678 1846 cum
693 1795 751 1845 tota
771 1786 913 1856 Ecclesia,
929 1785 1056 1844 fidelium
1076 1786 1186 1844 scilicet
1206 1783 1256 1856 qui

72 1884 189 1944 aderaut
200 1894 283 1955 caetu,
298 1895 329 1943 ut
342 1883 456 1958 quidam
471 1883 769 1952 mitterentur,·litteris
783 1882 885 1942 muniti
900 1882 1004 1956 quibus
1019 1880 1159 1958 judicium
1174 1880 1257 1939 dissi-

69 1981 204 2041 dentibus
218 1982 415 2039 innotesceret.
457 1980 594 2040 Omnium
608 1981 724 2039 nomius
737 1980 843 2058 scripta
853 1990 897 2038 est
911 1978 1040 2056 epistola,
1052 1978 1090 2039 in'
1097 1996 1153 2051 qua
1161 1976 1259 2034 dicunt

68 2078 175 2137 meum
188 2058 253 2144 sibi,
268 2076 396 2134 unanimi
409 2078 608 2144 consensione,
623 2077 698 2134 viros
713 2078 777 2136 illos
792 2079 901 2135 mittere
916 2095 950 2134 ea
960 2075 1117 2134 relaturos:
1141 2083 1161 2110 ‘⁸
1170 2090 1259 2131 visuri

67 2193 128 2235 ssu
149 2192 227 2231 nuru
247 2174 382 2231 Sirenum
402 2174 531 2240 Sibero,
546 2192 585 2232 nu
606 2192 691 2231 nonis
711 2174 783 2232 nihil
803 2176 875 2232 ultra
894 2176 1041 2250 imponere
1061 2173 1142 2232 vobis
1163 2171 1259 2230 oneris
1285 2154 1289 2165 ¹

66 2288 162 2347 quant
177 2266 239 2327 haec
253 2256 444 2333 necessaria?
487 2268 558 2326 Haec
572 2268 657 2326 verba
669 2269 812 2327 'decretum
834 2289 871 2327 ex
890 2270 1012 2345 Spiritus
1035 2270 1131 2328 Sancti
1151 2268 1263 2333 lumine¹

10 2374 13 2379 ·
66 2370 182 2428 sottum
196 2352 443 2444 significantem
455 2384 512 2425 vox
520 2366 568 2424 rua
586 2363 647 2427 un
658 2377 705 2425 ter
718 2386 752 2425 eo
764 2368 855 2444 capre
866 2367 999 2435 soniste,
1011 2366 1047 2425 au
1060 2366 1204 2444 placitum,
1215 2363 1262 2423 vet

10 2474 14 2489 ¹
67 2466 219 2529 decretum
234 2458 361 2533 refertur,
376 2482 441 2537 quae
453 2464 515 2541 ejus
530 2464 614 2523 obvia
626 2474 679 2533 est,
690 2473 719 2522 et
728 2452 844 2542 ¹recepta
856 2444 1054 2542 significatio*
1069 2464 1136 2542 Ipse
1150 2464 1261 2524 Roseu-

68 2563 194 2622 mueller
206 2561 349 2638 explicat:
365 2570 384 2598 ‘⁴
395 2552 491 2620 Nobis
503 2562 610 2639 Spiritu
622 2564 725 2622 Sancto
733 2560 860 2641 ¹adjutis:
880 2565 952 2617 boot
962 2562 1038 2624 δυοῖν,
1057 2564 1122 2621 vel:
1136 2540 1264 2639 Spiritui

73 2669 177 2718 sancto
191 2677 242 2735 per
255 2677 308 2716 nos
327 2658 503 2731 loquenti.”¹
541 2659 590 2717 Ex
604 2668 661 2719 tota
680 2661 734 2718 bac
751 2660 909 2718 uariatione
929 2660 1019 2732 liquet
1038 2660 1260 2717 controversiam

68 2774 195 2815 summo·
205 2755 317 2834 judicio
336 2754 513 2831 diremptam,
529 2766 557 2812 et
576 2755 720 2813 decretum
736 2752 859 2832 Spiritus
874 2756 971 2812 Sancti
986 2755 1148 2812 auctoritate
1168 2754 1260 2811 muni·

68 2865 145 2913 tum.
186 2852 260 2912 lllud
275 2862 368 2910 autem
389 2851 528 2929 prolatum
543 2870 600 2933 non
615 2868 651 2910 ex
665 2852 831 2929 Apostolica
845 2851 1007 2908 auctoritate
1028 2848 1262 2916 extraordinaria,

68 2948 125 3009 sed
139 2947 281 3008 ordinaria
293 2947 341 3005 illa
366 2947 527 3004 auctoritate
549 2947 604 3020 qna
625 2947 823 3005 controversiae
838 2944 1003 3003 dirimendae
1021 2964 1139 3022 ,semper
1158 2946 1260 3013 forent,

68 3065 111 3105 ex
125 3045 232 3103 ratione
246 3042 419 3123 procedendi
432 3043 583 3119 colligitur,
598 3056 668 3101 nam
679 3040 780 3100 auditae
793 3051 860 3100 sunt
879 3050 983 3118 partes,
998 3042 1028 3101 in
1036 3052 1112 3107 caetu
1134 3043 1260 3119 publico'

70 3151 225 3215 autequam
239 3139 308 3214 quid
321 3140 464 3198 decretum
479 3139 524 3197 sit.
538 3143 541 3148 ’
566 3140 724 3216 Exemplar
736 3140 822 3218 igitur
834 3138 1029 3199 Ecclesiastici
1039 3139 1141 3218 judicii
1154 3141 1259 3199 haben·

69 3238 144 3297 dum
159 3247 212 3295 est.
254 3236 325 3307 Indo
338 3236 428 3310 liquet
441 3236 549 3295 esse'in
564 3236 696 3295 Ecclesia
709 3237 849 3297 summam
865 3237 1056 3295 auctoritatem
1071 3235 1138 3293 fidei
1152 3245 1263 3293 contro-

70 3333 184 3392 versias
208 3332 348 3391 infallibili
368 3329 478 3409 judicio
500 3330 670 3390 dirimendi:
693 3346 756 3405 qne
779 3333 902 3390 maxime
915 3349 948 3389 so
969 3331 1064 3407 prodit
1083 3331 1113 3389 in
1128 3329 1261 3388 Concilio

73 3429 279 3495 OEcumeuico,
294 3428 433 3487 Pontifics
448 3427 578 3495 Summo,
594 3428 644 3501 qui
658 3427 736 3485 Petri
750 3436 793 3484 est
806 3436 964 3493 successor,
980 3444 1045 3484 cnm
1065 3425 1210 3503 episcopis
1224 3442 1262 3482 sx

72 3528 145 3586 orbs
165 3527 298 3585 universo
317 3525 471 3603 judicante.
513 3524 596 3582 Nihil
617 3541 693 3583 nunc
715 3525 832 3581 interest
853 3522 1028 3598 singulorum
1054 3523 1083 3579 in
1105 3520 1261 3598 judicando

72 3631 171 3700 partes
184 3632 310 3681 accurate
324 3608 505 3697 distinguere,
520 3618 609 3692 quum
624 3619 692 3676 satis
713 3619 750 3675 sit
770 3617 839 3675 illud
860 3617 1003 3676 vindicare
1019 3616 1160 3694 judicium
1181 3618 1258 3692 quod

73 3719 227 3781 Pontificis
241 3730 270 3777 st
282 3719 483 3796 episcoporum
503 3715 692 3790 consensione
706 3717 846 3773 munitum
867 3714 969 3792 prodit.
1012 3715 1097 3781 Quod
1118 3726 1210 3775 autem
1226 3717 1261 3777 ad

72 3818 165 3877 laicos
187 3817 318 3894 pertinet,
333 3815 405 3873 nihil
425 3813 527 3871 dicitur
550 3833 608 3887 quo
630 3831 681 3871 eos
704 3813 812 3885 aliquas
833 3812 967 3871 habuisse
987 3812 1016 3869 in
1033 3811 1143 3889 judicio
1165 3826 1260 3891 partes

76 3914 245 3982 insinuetur,
260 3931 326 3971 narn
339 3910 469 3988 Apostoli
484 3921 512 3968 et
528 3900 695 3986 Presbyteri
709 3919 815 3968 tautum
837 3909 1005 3977 convenisse
1019 3908 1158 3978 dicuntur,
1173 3911 1209 3969 de
1229 3930 1260 3969 re

75 4031 140 4086 quae
151 4012 182 4070 in
195 4010 349 4084 quastione
360 4017 404 4065 est
416 4008 509 4084 posita
519 4007 676 4084 cognituri3
691 4006 821 4080 quamvis
831 4005 971 4083 judicium
984 4023 1081 4063 eorum
1094 4008 1259 4067 assensione

77 4109 115 4167 sit
128 4106 330 4167 dissidentibus
344 4102 582 4171 commendatum,
597 4112 625 4165 et
644 4103 681 4161 iis
700 4103 882 4180 probantibus
904 4101 987 4160 electi
1004 4101 1064 4160 sint.
1084 4104 1134 4175 qui
1154 4104 1258 4162 litteras

75 4205 240 4284 perferrent.

108 4459 145 4520 (1)
163 4458 293 4507 inlocum.
325 4459 341 4484 “
350 4453 389 4504 Το
400 4471 429 4521 us
441 4434 497 4504 swho
509 4470 550 4504 are
570 4455 685 4521 deciding
696 4424 775 4505 under
790 4455 832 4504 tbe
843 4452 965 4503 iuduenoe
976 4454 1006 4503 of
1017 4454 1059 4503 the
1077 4452 1143 4515 lloly
1159 4449 1259 4515 Spirit''

77 4538 218 4591 Bloomiield
231 4540 256 4589 in
267 4538 314 4588 loc.
631 4538 634 4543 '

191 4676 265 4735 Vos.
281 4675 386 4734 1.-36
