2738 5032
102 277 144 335 90
397 277 453 337 DE
474 277 731 339 tu'rltthucA
751 278 983 341 EVlDEN'l'lA

104 442 164 492 ιιιιιι
184 432 329 506 estquod
349 435 504 497 obnoxium
524 438 747 506 commutationi,
770 437 846 511 quod
865 438 1009 499 subditum
1030 437 1171 515 tempori,
1193 455 1286 511 neque

104 530 282 593 confundens
296 532 373 606 quod
386 535 535 601 aeternitas,
547 535 624 608 quod
638 536 751 601 veritas,
762 534 838 609 quod
852 535 974 610 denique
988 555 1045 613 pax
1056 537 1120 612 ipsa
1133 535 1288 645 distinguit,

103 646 158 687 uec
177 646 289 687 rursum
312 648 452 706 separans
469 632 544 704 quod
567 632 698 708 majestat
720 652 777 691 una
797 633 961 710 conjungit:
985 633 1035 691 sed
1057 633 1144 691 stiam
1166 631 1291 709 protili

102 724 283 786 dilectionem
298 739 381 801 atque
392 729 534 793 caritatem
549 730 588 807 ita
597 730 803 806 complecteris,
817 740 849 788 ut
862 732 1001 789 variorum
1013 731 1175 789 morborum
1187 728 1306 803 qulbus:¹

105 842 158 902 pro
181 826 304 901 peccatis
323 827 383 885 suis
396 827 505 885 -animae
528 828 672 905 egrotant,
693 829 787 886 omnis
809 827 884 905 apud
904 840 931 888 te
953 828 1093 886 medicine
1114 827 1289 904 prepolleat.

102 920 151 980 Tu
165 923 310 1000 pueriliter
321 943 434 1001 pueros,
448 925 556 983 sortiter
564 925 696 1001 juvenes,
705 926 799 997 quiete
812 944 906 994 senes,
918 938 1001 1001 prout
1009 927 1148 1002 cujusque
1159 942 1217 983 non
1232 943 1292 983 cor·

103 1021 183 1097 poris
197 1031 314 1089 matum,
329 1021 380 1080 sed
401 1033 430 1080 et
442 1021 530 1080 animi
544 1016 617 1079 aetas'
631 1030 684 1089 est,
699 1040 815 1080 exerces
829 1041 862 1087 ac
876 1022 972 1080 doces.
993 1034 997 1043 '
1014 1018 1197 1093 Tujseminas
1219 1021 1289 1078 uiris

101 1118 162 1176 suis
176 1136 235 1177 non
249 1118 283 1183 ad
304 1106 473 1194 explendam
494 1117 651 1184 libidinem,
666 1117 716 1175 sed
737 1118 994 1196 ad'propapaudam
1016 1119 1135 1195 prolem,
1149 1128 1179 1174 et
1192 1115 1228 1174 ad
1248 1117 1291 1175 r‘ei

102 1215 248 1279 familiaris
262 1218 437 1283 societatem,
452 1220 528 1274 casta
543 1228 573 1273 et
592 1215 669 1275 fideli
688 1216 988 1295 obedientiasubjicia.
1031 1217 1080 1291 Tu
1099 1217 1176 1274 viros
1192 1216 1292 1293 eonju-

99 1315 194 1392 gibus,
207 1334 265 1373 non
279 1314 315 1373 ed
329 1314 502 1375 illudendum
515 1298 729 1375 imbecilliorem
749 1332 861 1399 sexum,
876 1315 927 1375 eerl
940 1316 1043 1374 sinceri
1058 1315 1162 1373 amoris
1177 1315 1291 1392 legibus

100 1412 231 1491 praeficis.
273 1411 320 1472 'l'u
332 1413 492 1489 parentibus
505 1411 579 1469 filios
593 1412 681 1469 libera
692 1412 812 1485 quadam
827 1414 961 1471 servitute
983 1412 1289 1490 subjungis,parentes

99 1511 166 1570 filiis
185 1513 235 1588 pia
253 1510 444 1569 dominatione
469 1511 622 1587 praeponis.
673 1511 721 1573 Tu
741 1510 871 1569 [ratribus
891 1511 988 1575 fratres
1002 1506 1153 1587 ¹religionis
1173 1508 1291 1591 vinculo

98 1609 222 1679 firmiore
236 1620 319 1681 atque
332 1609 447 1667 arctiore
462 1627 546 1681 quam
560 1608 705 1684 sanguinis
718 1609 818 1667 nectis,
858 1609 906 1665 Tu
917 1627 1032 1667 omnem
1046 1600 1157 1686 generis
1172 1608 1291 1685 propin·

99 1707 234 1779 quitatem
248 1716 276 1763 et
290 1687 433 1763 affinitatis
452 1705 700 1771 uecessitudinem,
716 1706 833 1762 servatis
849 1715 959 1762 nature
980 1705 1187 1776 voluntatisque
1207 1703 1289 1761 nexi·

16 1816 21 1831 ·
98 1798 275 1870 bus,'mutua
289 1802 401 1860 caritate
415 1801 596 1878 constringis.
638 1802 685 1857 'l'u
700 1800 822 1857 dominis
841 1819 949 1865 servos,
965 1819 1023 1858 non
1042 1810 1097 1858 tam
1113 1799 1291 1857 conditionis

99 1901 278 1968 necessitate,
300 1919 383 1975 quam
405 1899 662 1971 officiidilectione
683 1898 777 1979 doces,
789 1898 940 1957 adherere.
981 1899 1027 1958 Τιι
1048 1898 1180 1967 dominos
1195 1899 1289 1956 servis

96 1999 203 2056 summi
217 1998 273 2056 Dei
286 1998 446 2056 communis
458 1995 565 2053 domini
580 1980 974 2072 considamtione-placabiles,
989 1995 1065 2054 etad
1079 1994 1290 2054 consulendum
1311 2011 1315 2023 ·

96 2114 182 2170 quam
193 2094 392 2154 coercendum
407 2092 605 2171 propensiores
620 2092 698 2149 sacis.
741 2093 788 2163 Τιι
803 2094 879 2151 cives
891 2094 1017 2177 civibus,
1026 2103 1124 2171 gentes
1138 2086 1287 2170 gentibus,
1309 2160 1314 2166 Ι

95 2205 124 2252 et
134 2211 249 2271 prorsus
260 2190 391 2248 homiues
403 2189 558 2266 primorum
570 2190 929 2273 parentumrecordatione,
944 2192 1000 2249 u'on
1012 2193 1146 2249 societate
1163 2192 1288 2258 tantum,

95 2285 146 2342 sed
160 2285 279 2358 quadam
295 2286 377 2344 etiam
393 2286 560 2344 fraternitate
575 2287 734 2363 conjungis.
778 2285 872 2344 Doces
884 2305 964 2362 reges
979 2286 1141 2363 prospicere
1156 2285 1289 2362 pupulis,

94 2399 196 2439 mones
210 2381 331 2458 populos
345 2399 377 2438 se
391 2374 510 2439 subdere
530 2382 654 2461 regibus.
695 2381 911 2467 Quibusxhonor
923 2381 1065 2453 debeatur,
1081 2381 1184 2455 quibus
1198 2380 1288 2439 affec·

94 2488 150 2551 tus,
165 2477 268 2549 quibus
285 2477 450 2555 reverentia,
466 2478 567 2549 quibus
588 2477 681 2545 timor,
696 2478 801 2549 quibus¹
819 2478 983 2546 consolatio,
999 2480 1100 2551 quibus
1114 2477 1287 2560 admonitio,
1304 2478 1308 2487 “

94 2574 197 2648 quibus
211 2573 377 2642 cohortatio,
392 2574 494 2647 quibus
509 2574 669 2651 disciplina,
681 2575 783 2647 quibus
797 2575 964 2653 objurgatio,
979 2564 1080 2649 quihus
1095 2563 1286 2651 supplicium,

24 2708 28 2719 ·
92 2671 192 2733 sedulo
206 2670 291 2730 doces
302 2670 478 2740 {ostendens
490 2669 728 2744 quemadmodum
738 2681 767 2729 et
779 2691 837 2730 non
851 2665 982 2729 omuibus
993 2672 1098 2740 omnia,
1107 2681 1136 2730 et
1145 2671 1285 2749 omnibus

92 2750 640 2845 cadim,etnullidibeatarinjuria3’2
853 2847 855 2851 ,

107 2902 112 2915 ι
132 2869 248 2926 Sanctio
263 2887 347 2940 quam
364 2867 478 2946 Religio
493 2866 656 2928 Christiana
669 2866 729 2923 suis
743 2865 839 2929 tribuit
849 2866 961 2944 legibue
976 2850 1099 2923 divinam
1113 2866 1210 2922 earum
1227 2850 1289 2927 oriss

92 2965 188 3042 ςίιιιιιι
202 2966 287 3023 etiam
301 2965 431 3024 denotat.
453 2976 498 3024 est
511 2966 587 3024 enim
607 2973 729 3032 summa,
744 2965 834 3038 qualis
849 2963 928 3022 decet
950 2964 1026 3023 Ena
1033 2963 1189 3033 infinitum
1195 2965 1299 3041 cujus·

91 3063 160 3120 ultio
175 3063 253 3120 nullo
267 3063 324 3127 tine
339 3064 536 3131 continebitur,
552 3063 745 3121 munificentia
766 3058 855 3121 etiam
870 3062 905 3120 ad
919 3060 1034 3179 sucula
1040 3071 1177 3141 perpetue
1196 3079 1285 3122 exer·

91 3160 229 3220 cebitur..
692 3202 695 3207 .

133 3256 200 3338 otj.
223 3256 386 3315 Christiana
405 3254 531 3313 doctrina
553 3255 677 3313 hominis
700 3255 821 3343 captivat
841 3255 1024 3324 intellectum,
1046 3253 1281 3328 voluntatemque

56 3416 61 3427 ί
89 3366 131 3416 tot
151 3355 280 3434 astringit
293 3352 424 3420 vunculis
439 3361 472 3412 ut
492 3351 579 3410 homo
597 3352 731 3428 abjectus,
750 3350 875 3419 timidus,
894 3363 924 3410 et
942 3371 979 3411 ex
999 3350 1183 3412 Sacerdotem
1203 3364 1279 3412 nutu

89 3463 163 3512 totus
177 3453 305 3532 pendens
320 3452 385 3510 vitae
399 3449 562 3508 muneribus
577 3447 741 3526 plerisque'
735 3461 845 3526 ineptus
858 3449 1021 3526 reperiatur.
1063 3472 1066 3479 ⁴

127 3551 216 3628 Reep.
237 3544 290 3610 Illa
309 3550 467 3608 intellectus
488 3546 633 3623 captivitas
648 3548 678 3606 in
693 3546 801 3631 Christi
822 3540 988 3619 obsequidm
1011 3546 1128 3607 mininie
1140 3544 1279 3625 'infirmat

87 3646 300 3724 ingomirum,
322 3645 373 3705 sed
394 3664 442 3704 eas
464 3638 560 3721 dirigit
582 3653 615 3701 et
630 3643 712 3721 regit.
752 3638 864 3703 Lumen
885 3641 951 3701 fidet
974 3641 1008 3700 de
1029 3643 1114 3701 rebus
1135 3636 1277 3702 divinitus

87 3742 194 3801 traditis
215 3725 341 3819 'affluet'
352 3741 489 3800 scrutanti
508 3748 613 3798 nature
630 3742 798 3806 aroana-ne
809 3738 908 3797 titub'et
926 3748 956 3796 et
974 3728 1098 3797 labatur:
1120 3738 1169 3810 qui
1191 3737 1273 3798 enim

86 3837 142 3896 sibi
155 3837 244 3895 relicti
258 3837 354 3896 omnia
368 3837 546 3915 investigant,
559 3835 588 3893 in
598 3830 780 3912 gravissimos
795 3834 960 3911 plerumque
971 3832 1059 3891 'ruunt
1071 3846 1191 3903 errores,
1203 3833 1275 3894 dum

86 3935 185 4015 volunt
203 3917 348 4011 explicare
360 3933 504 4008 quomodo
524 3933 621 3992 omnia
642 3931 764 4017 primum
787 3932 850 3990 sint
865 3940 937 3998 orta,
950 3930 996 3988 vel
1010 3949 1067 4005 quo
1083 3930 1160 3989 lentu
1173 3949 1273 3992 rerum

86 4049 237 4109 progressu
251 4030 307 4088 huc
321 4029 493 4095 devenerint.
535 4029 651 4088 Morum
669 4028 772 4109 regule
786 4028 942 4095 hominem,
954 4025 1021 4086 dum
1036 4029 1131 4105 ligant,
1147 4027 1272 4113 liberum

85 4128 221 4197 officiunt,
233 4127 294 4187 suis
308 4124 384 4186 enim
398 4129 483 4187 discit
495 4125 635 4185 dominari
649 4124 857 4203 cupiditatibus,
868 4126 1043 4184 strationem
1058 4125 1140 4197 sequi
1154 4124 1270 4195 ducem,
1328 4192 1332 4199 A

85 4218 235 4303 Religione
248 4242 382 4301 suprema
394 4205 536 4302 magistra.
572 4224 705 4283 ¹Fuerunt
724 4221 849 4298 prolecto
865 4222 945 4280 omni
966 4241 1036 4290 ero,
1051 4231 1173 4294 suntque
1188 4221 1273 4281 hodi-

84 4324 160 4382 ernis
174 4321 412 4399 temporibua·qui
433 4321 592 4386 fidelissimi
605 4329 635 4377 et
653 4306 827 4396 integerrimi
841 4317 949 4377 Christi
963 4316 1095 4394 discipuli
1108 4316 1270 4392 studuerint
1303 4302 1306 4311 Δ

83 4438 158 4490 esse,
172 4420 287 4499 ingenio
301 4428 395 4480 tamen
409 4419 523 4477 sublimi
537 4427 566 4477 et
578 4418 702 4485 exculto,
717 4404 804 4475 animi
822 4417 906 4475 etiam
920 4418 1019 4475 robore
1033 4415 1149 4475 invicto.
1192 4415 1267 4475 Nul-

156 4594 159 4598 ’
245 4630 281 4692 ιι)
299 4586 1089 4701 inpatientissimum.1.0.eex.p.ros.v{1.ea.veu.
1126 4582 1128 4587 ⁵
