2738 5032
82 272 144 329 240
454 268 510 329 DE
533 268 660 329 NO'l'lS
681 268 913 331 ECCLESlAE.

82 447 197 497 munus,
220 426 458 503 quemadmodum
480 430 613 507 aspiratio
634 428 823 506 plasmationi,
838 429 874 487 ad
894 430 950 488 hoc
970 440 1002 488 ut
1021 430 1120 489 omnia
1149 430 1274 489 membra

85 528 273 605 percipienda
287 528 481 585 vivificentur:
503 541 533 585 et
546 529 575 586 in
595 546 630 584 eo
652 527 790 604 disposita
803 539 848 585 est
867 528 1090 586 communicatio
1104 528 1230 597 Christi,
1251 527 1278 588 id

84 635 129 682 est
140 624 263 701 Spiritus
276 624 408 691 Sanctus,
418 624 501 683 arrha
512 623 719 700 incorruptelae,
729 637 758 681 et
771 624 948 683 confirmatio
960 623 1026 682 fidei
1037 636 1153 695 nostrae,
1165 636 1196 684 et
1205 627 1281 685 scala

84 721 263 779 ascensionis
278 721 313 779 ad
328 722 432 781 Deum.
474 721 507 781 ln
528 722 661 779 Ecclesia
674 722 761 791 enim,
777 722 879 796 inquit,
896 722 994 798 posuit
1014 721 1094 780 Deus
1108 722 1281 800 Apostolos,

84 819 248 899 prophetas,
268 820 409 890 doctores,
424 832 453 879 et
476 821 637 879 uniuersam
663 821 801 893 reliquam
822 821 1016 898 operationem
1037 821 1174 898 Spiritus,
1197 823 1286 901 cujus

87 930 226 977 nunaunt
240 918 391 995 participes
403 937 516 986 omnes,
531 918 580 991 qui
595 936 653 976 aon
667 927 838 976 concurrunt
851 916 886 976 ad
906 918 1086 976 Ecclesiam:
1108 918 1162 976 sed
1176 931 1288 979 semet·

84 1013 165 1089 ipsus
190 1012 320 1073 lraudant
339 1034 356 1072 a
376 1015 434 1072 vita
455 1033 508 1092 per
528 1015 696 1072 senteutiam
722 1014 836 1082 malam,
851 1024 880 1072 et
897 1014 1090 1090 operationem
1110 1017 1290 1092 pessimam.

84 1109 144 1168 Ubi
157 1108 236 1169 enim
251 1108 393 1177 Ecclesia,
408 1110 447 1169 ibi
461 1121 490 1168 et
503 1110 627 1187 Spiritus
642 1108 716 1176 Dei;
731 1120 761 1167 et
774 1110 822 1167 ubi
837 1110 961 1186 Spiritus
982 1109 1048 1179 Dei,
1063 1110 1123 1168 illic
1144 1111 1288 1171 Ecclesia.

85 1218 114 1266 et
127 1209 222 1267 omnis
235 1209 342 1286 gratia:
364 1208 489 1286 Spiritus
504 1218 597 1267 autem
613 1208 726 1266 veritas.
768 1208 947 1286 Quapropter
960 1209 1010 1282 qni
1031 1228 1089 1267 non
1109 1211 1290 1289 participant

85 1325 271 1381 comaeque
292 1327 310 1365 a
329 1308 463 1366 mamillis
484 1307 581 1364 mauis
602 1306 762 1364 nutriuntur
781 1307 811 1364 in
832 1306 1039 1380 vitemusque
1060 1308 1227 1386 percipiunt
1244 1308 1280 1368 de

85 1423 204 1482 corpore
218 1403 329 1463 Christi
343 1403 542 1482 procedentem
553 1403 758 1463 nitidissimum
771 1403 901 1463 sonem:
917 1403 968 1462 sed
979 1403 1120 1463 effodiunt
1134 1406 1281 1466 sibilacus

85 1500 203 1559 detritos
217 1499 253 1557 de
267 1499 353 1558 fossis
368 1500 497 1566 terrenis,
512 1499 589 1558 etde
603 1518 683 1559 ceno
704 1500 845 1577 putridam
866 1501 966 1559 bibunt
980 1518 1094 1574 aquam,
1109 1501 1282 1580 effugientes

84 1596 170 1655 fidem
186 1595 336 1664 Ecclesiae,
351 1615 388 1655 ne
402 1596 590 1666 traducantur,
611 1598 772 1675 rejicientes
786 1595 853 1655 verd
868 1597 1006 1674 Spiritum
1026 1608 1129 1656 utnon
1151 1599 1283 1659 erudian-

85 1704 140 1753 tur.
181 1692 306 1751 Alienati
321 1691 416 1751 verda
429 1695 650 1772 veritatemque
665 1696 695 1754 in
709 1695 789 1753 omni
802 1695 963 1753 volutantur
976 1712 1080 1762 errore,
1094 1693 1226 1755 fluctuati
1245 1697 1279 1755 ab

85 1812 132 1860 eo,
147 1792 227 1851 aliter
240 1805 324 1865 atque
335 1793 416 1850 aliter
430 1812 480 1870 per
493 1804 622 1870 tempora
632 1793 667 1850 de
677 1792 786 1852 eisdem
798 1795 965 1862 sentientes,
974 1802 1003 1850 et
1016 1812 1177 1867 numquam
1191 1794 1283 1854 sciea-

88 1892 156 1951 tiam
184 1891 313 1950 stabilem
337 1889 484 1958 habentes,
511 1891 648 1967 sophistes
671 1891 821 1948 verborum
845 1891 935 1968 magis
958 1890 1086 1950 volentes
1110 1910 1283 1967 essequam

86 1988 223 2065 discipuli
237 1987 372 2046 veritatis.
408 1987 477 2045 Non
491 1987 569 2045 euim
583 1985 770 2045 suntsundati
783 1987 977 2064 supervivam
992 2000 1114 2065 petram,
1130 1987 1184 2047 sed
1195 1994 1295 2066 super*

86 2084 248 2145 arenam.’'¹

295 2535 333 2593 c.
354 2536 422 2594 xv.
464 2536 520 2597 ue
542 2496 763 2595 occanum
785 2488 1069 2600 numeramus,

128 2712 275 2775 Christum
290 2713 407 2773 Petrum
421 2714 490 2772 ovili
504 2733 557 2772 suu
569 2714 703 2774 uniuerso
718 2715 879 2794 prefecisse
893 2727 1039 2794 pastorem
1054 2698 1191 2797 vidi-aq.
1200 2730 1230 2778 et
1243 2720 1285 2779 ita

88 2811 266 2890 disposuisse
280 2812 416 2870 unitatem
437 2813 471 2869 ab
486 2831 543 2870 uuo
564 2811 766 2889 incipientem:
788 2822 910 2872 attamen
924 2814 1072 2891 Apostolus
1095 2798 1228 2877 omnium
1247 2816 1282 2885 li·

88 2909 173 2987 gandi
188 2919 216 2967 et
229 2909 359 2967 solvendi
382 2920 550 2987 potestatem
565 2910 707 2988 pollicitus
722 2921 776 2979 est,
797 2930 905 2985 eosque
920 2912 956 2970 ad
970 2911 1133 2972 docendum
1146 2925 1176 2973 et
1195 2915 1287 2993 bapti·

89 3006 212 3064 nandum
227 3016 325 3082 gentes
340 3007 428 3074 misit,
443 3008 605 3089 auctoritate
620 3009 716 3082 ntique
730 3028 778 3067 eas
793 3007 909 3087 regendi
923 3009 1067 3087 preditos.
1084 3008 1182 3071 'Sicut
1195 3013 1286 3092 Epis·

88 3123 178 3180 copus
204 3103 350 3163 Romanus
374 3104 452 3161 Petri
474 3114 550 3163 tenet
567 3106 673 3173 locum,
689 3107 728 3163 ita
748 3118 776 3165 et
793 3107 929 3183 praesules
950 3110 1045 3185 caeteri
1064 3111 1237 3186 perorbem
1256 3113 1289 3171 in

90 3199 250 3278 Apostolici
264 3199 389 3257 muneris
404 3212 511 3276 partem
527 3202 618 3259 vocati
633 3213 708 3270 sunt,
718 3211 749 3260 ut
762 3222 827 3262 cum
842 3204 892 3263 illu
906 3206 985 3283 gregi
997 3206 1159 3285 invigdent,
1174 3209 1289 3269 omnia·

89 3317 145 3372 qne
160 3298 299 3356 bonorum
314 3306 457 3373 pastorum
472 3316 589 3355 munera
602 3298 748 3376 impleant.
780 3299 915 3374 Plerique
930 3303 1042 3363 sectarii
1055 3303 1086 3362 in
1101 3303 1155 3363 hac
1168 3296 1297 3384 regione¹

89 3394 135 3454 vel
163 3393 337 3473 Episcopale
362 3394 489 3470 regimen
514 3396 629 3471 prorsus
654 3396 795 3475 rejiciunt,
819 3398 864 3457 vel
889 3398 958 3457 illud
987 3400 1021 3458 ad
1046 3401 1289 3465 Ecclesiastieam
1306 3448 1321 3463 .,

91 3492 217 3568 politiam
233 3492 366 3558 referunt,
382 3491 450 3564 quin
466 3510 481 3548 a
496 3491 605 3575 Clrristi
619 3493 794 3552 institutione
809 3494 960 3555 derivetur.
986 3497 1204 3575 Presbyteriani
1218 3522 1293 3562 con·

51 3652 57 3659 .
91 3585 210 3645 tendunt
223 3588 328 3646 nullam
344 3588 498 3665 specialem
513 3591 705 3649 auctoritatem
720 3592 866 3669 regiminis
880 3592 1022 3671 Episcopi
1038 3596 1176 3656 vocabulo
1191 3597 1291 3679 desig-

90 3684 162 3750 nari,
177 3685 228 3742 sed
242 3686 277 3744 de
289 3686 415 3764 simplici
429 3688 531 3760 quovis
553 3689 709 3748 animarum
731 3700 843 3766 pastore
864 3689 934 3749 illud
955 3694 1111 3769 usurpari.¹
1141 3695 1194 3759 ,Iis
1211 3698 1289 3777 Bap-

92 3781 174 3848 tistae,
189 3788 220 3838 ut
233 3781 410 3858 plerumque,
426 3784 626 3843 assentiuntur.
669 3784 851 3844 Methodistae
866 3787 995 3845 nonnulli
1009 3789 1195 3875 Episcopalis
1214 3795 1289 3874 regi·

91 3877 178 3936 minis
203 3896 307 3936 numen
332 3881 462 3948 retinent,
484 3880 534 3939 sed
556 3880 623 3939 illud
646 3893 775 3958 repetunt
795 3901 832 3941 ex
855 3882 985 3961 Wesleyi
1006 3886 1037 3944 in
1061 3886 1135 3946 hauc
1160 3889 1287 3952 sormam

92 3973 233 4032 voluntate
254 3977 345 4053 magis
368 3996 519 4053 propensa,
543 3996 609 4036 eum
629 3977 821 4054 Episcopatus
845 3979 889 4037 sui
914 3990 1059 4040 auctorem
1081 3999 1288 4060 agnoscentes.

92 4069 306 4150 Episcopaliani
320 4091 354 4132 eu
368 4073 538 4150 gloriantnr3
555 4074 605 4132 aed
619 4094 656 4133 ex
670 4075 873 4151 Apostolorum
887 4077 1063 4137 institutione
1077 4079 1148 4139 illud
1171 4063 1292 4144 derivat

95 4167 203 4237 While,
219 4167 278 4240 qui,
293 4170 493 4229 moderationis
507 4170 620 4230 laudem
635 4171 765 4248 cupiens,
781 4171 978 4232 animadvertit
999 4175 1161 4236 Ecclesiam
1185 4162 1302 4258 Angli-¹

92 4284 155 4324 cam
180 4263 336 4323 absolutam
361 4266 424 4341 ejus
452 4267 649 4326 necessitatem
672 4286 828 4341 numquam
852 4269 1019 4339 affirmasse,
1042 4281 1071 4330 et
1093 4272 1283 4336 Bancroltum

93 4363 198 4440 ipsum,
208 4360 275 4420 dum
285 4371 414 4441 ageretur
424 4362 459 4421 de
471 4364 627 4442 Episcopis
638 4365 740 4424 Scotiae
752 4364 862 4435 dandis,
872 4368 906 4425 ab
918 4385 951 4426 ea
960 4369 1116 4441 quaestione
1126 4370 1288 4432 dirimenda

353 4535 388 4598 (l)
406 4534 517 4586 lrenmns
529 4538 592 4589 liii.
604 4540 657 4589 adv.
672 4540 731 4590 haar.
742 4556 763 4590 c.
775 4540 808 4590 xl.

352 4619 389 4683 (Ξ)
405 4618 444 4669 ch.
455 4619 487 4669 iv.
503 4620 577 4673 Euam
589 4623 620 4673 οι
628 4623 806 4675 Government.
