2738 5032
114 72 131 111 ,ι’

773 136 793 163 s..

90 224 145 301 ιιι
419 224 474 284 m:
497 222 715 284 enormius
738 216 934 283 ιιιιιιιιι.

578 502 768 569 Ιἰιιοιοιιιίο

118 660 259 749 i{loclesia
272 662 382 750 Obristi
402 644 536 725 unitatem
560 651 706 739 regiminis
726 659 887 719 necessario
908 644 1039 735 postulat,
1054 657 1092 719 ita
1106 664 1137 713 ut
1149 654 1271 739 singule

56 798 59 807 ·
88 758 228 819 Ecclesia
242 758 346 819 locales
360 758 506 819 communi
519 757 641 833 quodam
655 757 792 835 regimine
806 756 926 833 debeant
938 754 1011 825 inter
1023 772 1055 827 se
1069 753 1210 815 connecti.
1223 774 1225 779 ·

127 857 269 925 Probatur,
283 855 337 916 Ex
360 856 533 936 Scriptura.
571 855 718 919 :chartus
731 853 846 933 Judreos
866 853 1017 932 ¹alloquens
1031 850 1128 919 dixit:
1159 849 1268 935 “Alias

87 971 156 1011 ores
170 952 260 1043 habeo
274 971 336 1026 que
357 972 416 1013 uon
434 964 501 1011 sunt
513 970 550 1011 ιιι
569 952 625 1010 hoc
644 951 730 1009 ovili:
747 955 781 1008 'et
800 950 861 1008 illas
879 959 990 1026 oportet
1011 967 1057 1006 me
1069 946 1227 1023 adducere,
1241 958 1269 1005 et

89 1065 189 1106 rocem
203 1062 296 1111 mean
310 1049 432 1121 audient,
447 1059 476 1111 et
487 1049 537 1105 fiet
558 1066 643 1125 unum
665 1047 749 1114 ovile,
764 1057 793 1105 et
806 1064 878 1104 unus
893 1043 1008 1122 pastor!
1011 1044 1034 1077 '¹
1073 1043 1118 1102 De
1134 1042 1269 1107 vocandis

88 1144 124 1205 ad
143 1145 231 1206 fidem
250 1147 379 1235 gentibus
401 1136 494 1219 liquet
511 1164 576 1203 eum
598 1144 687 1233 loqui,
707 1163 812 1217 easque
835 1162 892 1202 una
909 1161 985 1219 curn
995 1140 1102 1201 Judaeis
1118 1140 1267 1220 Christum

89 1243 327 1321 agnoscentibus
319 1265 353 1319 1n
363 1263 450 1304 unum
464 1262 567 1321 corpus
581 1226 739 1309 coalescere
753 1241 857 1315 docet,
859 1261 916 1323 upo
930 1241 1015 1299 veluti
1035 1252 1147 1318 pastore
1167 1258 1267 1299 omnes

89 1351 214 1420 regente.
255 1343 292 1400 Se
307 1342 450 1416 quidem'
438 1361 499 1419 Jam
520 1340 628 1401 dixerat
647 1342 752 1399 bonum
770 1351 921 1417 pastorem,
935 1341 1054 1417 ipseque
1068 1338 1168 1416 procul
1182 1338 1268 1400 dubio

88 1441 221 1507 omuibus
232 1446 350 1518 praest:
365 1439 414 1497 sed
426 1458 515 1513 quum
525 1439 725 1517 Apostolorum
739 1438 895 1498 ministerio
906 1439 936 1497 in
946 1438 1073 1515 gentiim
1083 1437 1270 1519 conversione

88 1555 157 1595 usus
172 1537 219 1604 sit,
235 1536 344 1595 videtur
357 1536 404 1601 hic
424 1536 631 1614 intelligendus
643 1535 678 1594 de
699 1547 829 1615 pastore,
835 1537 894 1609 qui,
915 1537 979 1613 ipso
996 1535 1058 1613 jam
1078 1515 1214 1595 adeatur
1228 1554 1271 1595 re·

89 1651 183 1700 verso,
194 1651 294 1711 greges
306 1633 338 1691 in
351 1651 440 1701 unum
454 1633 630 1711 colligeret'
622 1634 712 1711 ipsius
727 1634 835 1693 vicibus
849 1632 980 1723 fungens
1022 1630 1142 1695 Constat
1135 1612 1280 1731 quidam¹

89 1729 262 1789 Ecclesiam
272 1728 319 1787 hic
339 1729 477 1815 exhiberi,
483 1740 579 1811 prout
600 1716 691 1789 sutura
710 1740 769 1788 erat
789 1729 867 1787 omni
888 1740 1024 1805 tempore,
1038 1746 1179 1817 eamque
1179 1746 1270 1797 unum

86 1827 169 1886 ovila
176 1808 334 1904 designari:
356 1828 387 1885 in
400 1847 434 1887 eo
445 1829 551 1923 quippe
565 1829 608 1885 vis
622 1839 678 1886 tota
692 1812 735 1885 est
749 1827 850 1904 posita,¹
862 1837 893 1884 ut
906 1825 1023 1903 Ethnici
1036 1825 1167 1885 etJudai
1181 1845 1269 1886 uuam
1296 1868 1299 1873 -

87 1925 258 1985 Societatem
280 1943 450 2002 corpusque
455 1918 665 2015 constituerent
705 1925 785 2003 Ergo
796 1943 829 1982 ea
838 1943 953 2002 semper
965 1925 1087 2003 exigitur
1095 1911 1202 1992 unitas,
1214 1943 1273 1998 qus

87 2032 226 2115 quotquot
244 2032 311 2083 sunt
325 2021 542 2090 Christifideles,
557 2010 605 2080 ex
600 2022 715 2094 quavis
726 2022 852 2088 ιιιιιοιιι,
873 2022 903 2080 in
923 2040 1012 2087 unum
1031 2032 1131 2091 coeant
1151 2040 1268 2098 corpus,

86 2111 252 2179 arctissimis
277 2139 362 2178 sacrae
387 2120 595 2178 communionis
620 2120 738 2179 vinculis
749 2120 914 2197 colligati:¹
933 2119 962 2183 id
986 2111 1079 2178 autem
1103 2120 1270 2198 confingere

86 2235 264 2292 nequaquam
279 2216 373 2296 potest
385 2217 491 2295 absque
502 2235 649 2297 commum
642 2216 758 2295 aliquo
771 2217 920 2293 regimine.

127 2314 235 2373 Paulus
246 2313 283 2371 ad
303 2312 448 2399 Ephesios
464 2289 599 2381 scribens,
614 2304 778 2401 Apostolos,
799 2314 966 2424 Prophetas,
982 2296 1192 2399 Euangelistas,
1207 2335 1271 2393 pas-

87 2421 164 2470 tores
177 2422 206 2469 et
218 2411 347 2469 doctores
361 2409 442 2468 datos
456 2409 557 2468 dicitu
565 2411 594 2468 in
609 2396 833 2473 aedificationem
836 2412 961 2488 corporis
973 2409 1114 2479 Christi,’'
1128 2422 1158 2470 ιι
1170 2394 1273 2480 Chris·

89 2492 208 2567 tilideles
223 2509 257 2566 ab
271 2508 409 2566 amoribus
424 2518 451 2564 et
468 2507 580 2565 incertis
595 2506 741 2564 sententiis
755 2508 927 2574 hacratione
942 2510 1065 2587 servari,
1086 2500 1277 2581 quitus-suu

84 2605 198 2682 jungit:
226 2613 245 2640 ‘·
255 2605 399 2663 veritatem
420 2613 512 2661 autem
538 2603 677 2660 facientes
696 2604 726 2660 in
750 2604 899 2675 charitate,
908 2623 1068 2671 crescamus
1087 2607 1121 2664 ἰιι
1146 2607 1198 2667 illo
1218 2626 1275 2684 per,

88 2700 199 2772 omnis,
208 2704 258 2777 qui
270 2713 316 2760 est
333 2694 418 2778 caput
432 2699 582 2782 Christrrst
604 2704 640 2759 ex
653 2720 710 2774 quo
732 2692 947 2783 toturn„c'orpus
966 2714 1143 2781 compactum
1157 2717 1188 2763 et
1201 2724 1281 2772 con·-

90 2788 195 2861 uexum
210 2818 261 2878 per
271 2802 385 2860 ornnem
395 2799 846 2883 juncturamsubministrationis,
859 2800 1015 2869 secundum
1028 2803 1224 2879 operationem
1238 2804 1269 2863 iu

89 2895 251 2955 mensuram
265 2896 487 2972 uuiuscujusque
501 2896 629 2962 membri,
640 2887 824 2977 ¹augmentum
839 2898 963 2974 coquaris
978 2898 1044 2956 facit
1062 2899 1093 2960 iu
1106 2899 1271 2962 aedificatio·

89 3010 156 3051 nem
176 2994 221 3050 sui
244 2994 273 3050 in
287 2993 467 3055 charitate.',’⁹
506 2993 637 3051 Ecclesia
657 2993 705 3052 hic
726 2993 904 3055 describitur
910 2996 963 3067 sub
985 2997 1109 3072 corporis
1130 2997 1269 3077 imagine,

91 3090 173 3165 cnjus
187 3098 271 3164 caput
290 3099 334 3144 est
347 3088 443 3145 Chris
437 3102 490 3156 us,
512 3091 636 3147 membra
656 3070 754 3149 autem
770 3092 843 3149 inter
862 3111 893 3149 se
908 3093 945 3150 ita
958 3095 1106 3170 conjuncta
1120 3105 1152 3155 ut
1163 3114 1272 3174 corpus

88 3181 265 3263 campactum
281 3194 309 3242 et
322 3203 481 3243 connexum
503 3184 643 3243 habeatur.
684 3174 717 3244 Id
738 3199 830 3258 autern
842 3172 1010 3282 nullatenus
1032 3192 1140 3251 soret
1116 3211 1141 3251 ιι
1156 3194 1270 3290 nullum

90 3293 166 3342 esset
178 3284 328 3362 commune
341 3280 467 3357 regimen
482 3298 545 3352 quo
553 3282 702 3358 conjuncta
715 3275 743 3340 et
756 3286 916 3344 consociata
929 3294 1170 3346 tenetentum·

127 3378 278 3439 Probatur
290 3381 336 3445 20
357 3374 419 3437 Ee
430 3376 521 3435 totius
542 3377 729 3456 antiquitatis
749 3399 844 3454 seara.
889 3383 919 3441 S
939 3383 1101 3462 Cyprianus
1122 3385 1158 3444 de
1178 3387 1273 3450 haere·

89 3499 160 3539 seon
180 3479 288 3571 origine
293 3488 330 3536 et
343 3476 510 3536 remedio
487 3496 529 3535 sic
548 3478 688 3552 loquitur:
731 3480 827 3539 “Hoc
848 3500 883 3540 ιο
904 3482 944 3550 fio
958 3483 1056 3542 fratres
1077 3483 1280 3579 dilectissimi,

90 3576 157 3635 dam
172 3575 206 3633 ad
221 3576 343 3633 veritatis
361 3572 500 3651 originem
522 3591 578 3631 uon
600 3566 714 3655 reditur,
736 3595 788 3634 uec
809 3586 893 3654 capnt
906 3579 1047 3650 quaritur,
1064 3587 1117 3641 uec
1139 3583 1272 3660 magistri
1302 3654 1304 3659 Ι

11 3668 13 3673 ’
91 3673 211 3733 celestis
231 3672 356 3735 doctrina
375 3682 510 3731 servatur
551 3672 658 3739 Quae'
635 3692 660 3731 st
675 3667 738 3747 quis
758 3675 916 3757 consideret
935 3687 968 3734 et
981 3678 1270 3752 examinatricem

90 3771 176 3846 longo
189 3780 272 3842 atque
287 3770 457 3853 argumentis
466 3788 544 3849 opus
557 3789 615 3831 uon
628 3780 693 3828 est
722 3749 855 3830 Probatio
868 3787 910 3835 ιιι
924 3772 959 3830 ad
979 3774 1064 3833 tidem
1084 3775 1175 3834 facilis
1188 3797 1270 3841 oom-
1278 3802 1281 3812 ·

91 3865 195 3945 pendia
208 3867 341 3924 veritatis
381 3865 520 3939 Loquitur
533 3850 673 3924 Dominus
688 3866 722 3925 ad
744 3867 876 3926 Petmm:
899 3869 983 3949 Ego
993 3871 1046 3928 trbr
1065 3871 1151 3941 dieo,’
1173 3874 1271 3948 inquit

93 3962 176 4037 ‘quie
189 3970 217 4020 tu
232 3970 262 4019 es
277 3962 387 4029 Petms,
403 3972 431 4019 et
444 3980 529 4038 snper
549 3962 620 4024 hauc
641 3960 746 4038 petram
770 3962 915 4022 edificabo
937 3960 1096 4039 Ecclesiam
1117 3980 1223 4039 meam,
1240 3984 1271 4031 et

91 4068 179 4138 portat
193 4057 343 4117 inferorum
355 4077 414 4116 non
429 4059 541 4116 vincent
554 4077 626 4116 earn
668 4059 707 4116 Et
720 4059 769 4121 tibi
782 4058 855 4117 dabo
868 4059 961 4120 claves
975 4082 1053 4142 regni
1045 4064 1217 4136 coelorum3
1239 4056 1270 4128 et

91 4173 155 4228 quae
167 4152 298 4231 ligaveris
312 4171 396 4229 super
409 4164 520 4221 terram,
534 4166 616 4212 erunt
635 4155 740 4233 ligata
731 4166 759 4213 et
777 4156 805 4213 in
820 4156 910 4233 calis:
930 4169 961 4216 ct
974 4179 1157 4234 quacumque
1172 4164 1305 4227 solve·

91 4254 130 4312 ris
144 4269 229 4328 super
242 4260 352 4316 terram,
365 4260 445 4308 erunt
458 4242 549 4309 soluta
562 4262 590 4312 et
603 4253 631 4310 in
646 4246 744 4311 caelis.
783 4254 843 4311 Et'
836 4263 936 4314 iterum
947 4256 1039 4319 eidem
1050 4262 1115 4335 post
1125 4267 1301 4325 resumes

7 4379 12 4385 ⁴
90 4351 195 4408 tionem
206 4365 287 4405 suam
301 4344 384 4411 dicit:
405 4355 413 4381 ⁴
424 4346 512 4435 Pasce
524 4368 591 4407 oves
603 4349 701 4408 ineas)
738 4347 832 4427 Super
843 4350 921 4410 illum
933 4353 1150 4414 unummdificat
1163 4356 1268 4431 Eccle-

211 4550 213 4555 ’
315 4535 350 4597 (1)
367 4533 438 4584 Joan.
450 4550 471 4589 x»
485 4537 521 4585 16.
735 4540 770 4601 (2)
790 4540 876 4604 Ephes.
888 4542 918 4591 iv.
930 4544 966 4593 15.

310 4676 320 4707 ι
