2738 5032
342 244 399 305 DE
421 242 714 305 CONCILIORUM
734 242 1044 309 AUCTORI'I'ATE.
1234 250 1295 309 287

109 402 257 461 monicum
270 402 377 464 dicatur
391 403 554 463 Concilium
568 418 718 461 numerum
731 403 883 463 notabilem
897 404 996 464 edesse
1011 413 1131 483 oportet,
1146 413 1175 464 et
1187 423 1225 463 cx
1235 405 1294 484 ple·

109 499 208 571 risque
232 500 307 558 orbis
330 500 495 577 provinciis,
520 499 649 573 quamvis
675 499 843 576 plerumque
867 501 950 578 pauci
974 519 1012 559 ex
1036 501 1144 559 dissitis
1170 503 1292 561 veniant.

115 598 224 659 Nullus
244 610 337 657 certus
358 600 480 677 exigitur
500 617 645 667 numems‚
664 598 715 658 sed
736 597 846 657 decreta
866 600 919 659 toti
943 600 1063 676 collegio
1088 600 1292 671 adscribuntur,

110 695 347 769 quandocumque
370 695 534 754 convocatio
546 694 630 752 fucrit
643 694 791 771 generalis,
803 704 832 752 et
844 695 959 772 plurimi
972 696 1164 766 convenerint,
1176 716 1307 774 precer·-

111 791 164 849 tim
178 792 228 865 qui
242 793 353 851 caeteris
366 802 477 869 praeest,
491 790 655 868 Episcopus
670 790 827 858 Romanus,
842 791 941 849 saltem
955 809 1006 867 per
1019 791 1137 868 legator.

613 1003 785 1044 ruorosmo
804 1003 825 1043 1.

152 1182 218 1240 Soli
228 1182 367 1259 Episcopi
382 1182 476 1240 nativo
490 1199 544 1239 suo
559 1182 634 1258 juro,
649 1199 701 1239 seu
715 1181 810 1258 potius
823 1179 931 1249 diuino,
947 1179 1051 1239 habent
1064 1178 1231 1257 suffragium
1246 1178 1295 1239 de·
1349 1206 1356 1267 εἰ

109 1279 233 1337 cisivum
247 1279 276 1337 iu
291 1278 431 1337 Conciliis
445 1278 680 1351 quibuscumque.
1340 1330 1348 1369 ¹.

122 1373 313 1435 ..Probatur
335 1375 396 1434 Soli
419 1374 559 1451 Episcopi
582 1374 730 1451 regiminis
756 1373 860 1433 hebent
886 1383 1064 1452 potestatem,
1090 1372 1197 1449 quippe
1222 1389 1296 1445 quoe
1334 1372 1342 1429 i

106 1472 234 1550 Spiritus
249 1473 370 1530 Sanctus
385 1471 480 1548 posuit
494 1469 529 1528 ed
542 1469 693 1547 regendam
708 1470 887 1529 Ecclesiam:
904 1470 939 1528 ad
954 1471 1080 1548 regimen
1095 1479 1190 1528 autem
1206 1469 1296 1528 maxi·
1329 1486 1333 1519 ··

108 1588 160 1630 ms
172 1580 278 1647 spectat
289 1572 320 1629 in
331 1569 470 1628 Consiliis
481 1568 650 1628 decernere:
666 1587 734 1645 ergo
741 1568 790 1644 jus
801 1569 856 1627 hoc
868 1569 977 1626 muneri
988 1567 1156 1646 Episcopali
1167 1567 1295 1637 inheret,
1336 1588 1339 1593 ·

108 1685 152 1725 ex
165 1665 273 1727 Christi
294 1667 479 1733 institutione.
520 1665 836 1743 Suffragaturomnium
859 1666 1026 1724 soculorum
1041 1687 1058 1724 a
1072 1667 1190 1725 Christo
1210 1685 1293 1726 nsns.
1350 1678 1354 1735 t

110 1762 256 1841 Episcopi
278 1764 333 1822 soii
355 1764 385 1822 in
414 1763 545 1822 Concilio
570 1762 691 1821 Nicaeno
712 1761 885 1839 judicarunt,
909 1774 1081 1838 quapropter
1103 1763 1174 1820 fides
1196 1781 1295 1823 eorum
1351 1756 1355 1821 i

108 1859 230 1918 nomine
251 1879 365 1937 semper
384 1860 523 1918 celebrata
544 1864 612 1917 est¹
650 1859 700 1916 Sic
713 1858 770 1937 ipsi
786 1858 891 1915 litteras
912 1856 1075 1917 direxerunt
1094 1857 1129 1915 ed
1148 1858 1296 1921 Ecclesiae
1351 1824 1357 1901 1

11 1984 15 1989 ·
107 1956 303 2024 Alexandriae‚
318 1958 453 2030 aliasque,
468 1957 570 2030 quibus
585 1975 648 2030 qum
662 1957 692 2015 iu
706 1956 877 2024 cause,.Arii
890 1965 1036 2032 gesserant
1049 1955 1190 2014 referunt:
1212 1967 1232 1994 ⁴⁸
1242 1951 1297 2007 isle
1349 1904 1357 2015 1

104 2052 310 2109 Νικαίασόνοδον
333 2050 707 2127 &morinummontem-”¹
745 2053 855 2112 Eorum
869 2052 981 2115 decreta
992 2063 1073 2111 vocat
1085 2053 1180 2113 Julius
1201 2057 1299 2116 Ponti·
1345 2040 1352 2109 i

104 2146 162 2204 sex
177 2155 365 2203 trecentorum
375 2145 508 2222 suffragia
519 2153 562 2208 lor
572 2147 707 2215 ipmeocwu
718 2165 762 2209 τας
771 2152 890 2218 hapsus?
913 2149 956 2207 Ita
964 2158 993 2207 et
1001 2148 1146 2209 Liberius⁴
1154 2164 1183 2211 et
1192 2153 1298 2213 Damg-
1345 2140 1350 2209 ἱ,

104 2243 178 2300 sus⁵
191 2251 379 2302 trecentorum
393 2241 491 2300 decern
505 2250 534 2299 et
546 2251 610 2300 octo
632 2244 831 2319 episcoporum
853 2245 959 2303 Nioaem
976 2246 1062 2305 fidem
1082 2248 1206 2310 laudent.
1248 2252 1297 2311 Sic
1348 2266 1351 2271 '

101 2340 197 2400 etiam
211 2341 241 2398 in
256 2341 593 2423 Constantinopolitano
581 2339 723 2409 Concilio,
726 2341 737 2377 ⁰
736 2341 912 2417 Ephesino,
916 2346 928 2384 ⁷
942 2343 1195 2427 Chalcedonensi‚⁸
1210 2350 1298 2465 Epis·
1346 2368 1349 2373 ·

108 2436 196 2514 copis
210 2437 278 2495 fidei
291 2437 421 2505 formula,
435 2455 499 2511 ques
515 2436 621 2494 Nlcoeae
636 2437 743 2495 sancita
756 2447 809 2505 est,
825 2439 962 2499 tribuitur.
1344 2450 1347 2457 '

156 2533 318 2601 Concilium
334 2534 681 2612 Constantinopohtenum
695 2535 718 2593 1
734 2534 770 2594 nd
785 2536 983 2597 Theodosium
998 2542 1153 2613 scribeuse,
1168 2563 1200 2603 se
1214 2505 1299 2623 Epis·
1340 2530 1346 2593 1

110 2649 252 2708 coporum
263 2631 407 2710 synodum
419 2633 984 2703 ηοωίιιεῑ.·ὰγ1ασ1νοδόςτωνεκισκοαωνῦ
1003 2637 1191 2714 Imperatores
1202 2642 1300 2703 Theo.
1341 2646 1344 2651 '

111 2727 213 2787 dosius
228 2742 258 2788 et
270 2731 485 2789 Valentinianus
507 2727 697 2786 Canidianum
714 2727 859 2786 Comitem
874 2729 908 2787 od
931 2730 1093 2792 Concilium
1114 2736 1298 2812 Ephesiuum

108 2826 261 2896 miserunt,
274 2837 306 2885 ut
319 2826 448 2886 ordinem
462 2835 595 2895 tueretur,
619 2833 639 2861 “
649 2823 701 2880 sed
714 2843 749 2881 ea
768 2825 831 2900 lege
846 2834 874 2882 et
887 2826 1059 2896 conditione,
1075 2839 1106 2887 ut
1126 2850 1192 2890 cum
1206 2851 1299 2905 quaer·
1344 2828 1348 2885 '.

113 2921 241 2982 tionibus
255 2922 495 2981 et'controversiis
510 2938 573 2992 qun
587 2919 662 2976 cirea
675 2917 741 2975 fidei
755 2917 886 2995 dogmata
904 2920 1040 2992 incidunt,
1056 2925 1128 2984 nihil
1147 2945 1299 2987 commuue
1348 2936 1351 2941 ’

111 3006 232 3078 hebeat:
257 3020 347 3098 (nefas
361 3029 406 3077 est
416 3019 492 3076 enim
507 3017 556 3090 qui
571 3015 813 3073 sanctissimorum
825 3017 1024 3094 cpiscoporum
1037 3016 1165 3102 catologo
1176 3025 1299 3105 adscrip-

113 3127 163 3175 tus
177 3135 234 3177 non
255 3128 308 3186 est,
324 3119 405 3176 illum
419 3115 629 3176 Ecclesiasticis
640 3114 771 3191 ¹negotiis
792 3124 821 3172 et
839 3116 1090 3180 consultationibus
1105 3142 1170 3183 sese
1189 3126 1300 3185 immis-

108 3414 112 3422 ·
151 3395 187 3458 (1)
198 3411 247 3449 noo
258 3417 302 3466 pop
314 3412 362 3450 rurs
373 3395 396 3449 δ’
407 3408 471 3448 ανέν
482 3411 532 3456 τοις
541 3414 617 3463 erstem
627 3409 675 3447 των
686 3382 821 3447 samsones
840 3398 964 3465 συνεδρακς
981 3403 1100 3467 saepem,
1112 3414 1171 3452 reso
1188 3414 1245 3466 προς
1255 3414 1300 3469 την

111 3487 538 3553 OWWWWWWW
577 3478 930 3543 Ibidemc20.Vrdeet1nm
943 3483 1102 3532 Geleniumc.
1115 3483 1153 3533 35.
1180 3484 1300 3535 Lebheii·

112 3567 165 3617 262
176 3580 200 3618 et
218 3569 313 3621 Hard'
307 3586 322 3618 1.
334 3569 388 3618 tte
416 3570 475 3619 Alia
485 3571 626 3619 testimonia
637 3570 760 3634 plurimo
753 3587 779 3619 tn
797 3572 892 3620 erudito
903 3574 1009 3665 operel.
1020 3575 1048 3624 B.
1057 3575 1149 3665 Cinch
1160 3594 1191 3627 on
1207 3578 1301 3630 ehurch

112 3660 284 3717 governmeut‚
296 3653 396 3711 nontin,
405 3653 474 3711 1812
486 3654 567 3702 videre
578 3660 622 3702 est.

152 3733 189 3796 (2)
196 3735 272 3798 Apud
283 3736 410 3787 Gelasium
422 3752 443 3784 c
455 3735 808 3789 ³³.001.440c01.flerd.t.1

150 3818 187 3880 (3)
199 3819 273 3882 Apud
284 3820 404 3868 Athenas
414 3820 486 3883 Apol.
497 3816 519 3868 2.

99 3920 102 3925 ’
151 3903 210 3968 (4)
199 3920 242 3958 vn
234 3921 393 3973 τριακοσίων
405 3902 465 3957 δικα
476 3926 518 3958 και
529 3921 589 3958 exn
578 3901 741 3974 ορὲοδοξων
736 3920 876 3959 missorum
891 3905 932 3957 Ad
941 3906 1132 3960 Macedonicum
1140 3912 1185 3962 eoi.
1194 3913 1247 3964 'lid
1255 3913 1303 3963 col.

113 3987 196 4037 Hasd.
207 3989 251 4037 ti.
263 3989 446 4038 exSooratch
439 4005 470 4037 iv.
482 4005 502 4038 c.
513 3989 555 4039 xii.

151 4071 189 4131 (5)
202 4070 387 4120 Lanuenses
399 4071 495 4120 Hard'
488 4088 504 4121 1.
516 4087 537 4120 c.
548 4071 603 4121 772.

151 4153 188 4215 (6)
200 4155 262 4204 Can.
274 4156 289 4204 i.
301 4173 322 4205 c.
337 4155 391 4205 809.

149 4237 190 4297 (7)·
200 4239 256 4288 Act.
267 4239 312 4302 ip.
324 4238 394 4291 1³64.
419 4229 422 4235 ’

151 4320 189 4382 (8)
202 4321 284 4370 Labbc
295 4323 369 4371 Ceno.
379 4322 410 4377 iv.
421 4339 444 4386 p.
453 4308 501 4372 472
513 4322 628 4386 usquead
639 4323 695 4372 sot.
711 4322 836 4397 Ad‘flnem
844 4318 905 4374 'Aet
916 4338 940 4373 r.

152 4404 190 4466 (9)
201 4405 254 4454 Col.
265 4405 314 4456 808
327 4405 404 4457 ilerd.
416 4413 433 4457 t.
443 4405 457 4454 i.
