2738 5032
102 221 164 279 tot
318 150 353 239 ξ
424 216 481 279 DE
502 214 713 281 EEGlhllNE
733 216 964 279 EOCLESIE.

102 374 205 435 clesias
225 375 281 435 sibi
299 375 474 439 concreditas
492 388 524 437 ut
541 376 720 437 catholicam
742 375 883 436 traderem
902 388 931 436 et
952 387 1163 455 propugnarent
1184 377 1288 437 fidem.

103 474 308 543 QuiGonciliis
315 475 1101 554 interveniebantlmperstoresnullaminEeclesiasticis
1108 477 1233 554 negotiis
1240 495 1291 536 ex·

10 644 13 651 Ι
101 573 233 631 arcebant
240 574 442 642 auctoritatem,
451 573 502 632 sed
510 592 608 633 eornm
620 574 861 650 pertractationem
872 573 1029 652 Episcopis
1039 575 1156 633 liberam
1166 575 1291 649 relique·

100 678 174 727 runt.
203 668 287 735 Quod
301 680 393 728 summ
403 689 485 747 reges
496 670 625 729 nonnulli
635 679 770 728 exercent
779 670 959 747 privilegium
968 673 998 729 in
1008 670 1189 730 nominandis
1201 671 1291 747 Epis·

100 764 192 839 copis,
203 766 435 825 concessionibus
450 767 633 825 Summomm
648 766 820 825 Pontificum
835 766 941 835 nititur,
951 786 1008 825 non
1018 768 1084 844 jure
1093 758 1192 840 aliquo
1203 767 1289 827 inbre·

98 869 188 919 rente.
219 860 331 921 Ooetera
340 881 413 936 quae
422 863 514 921 civilis
529 873 653 940 potestas
667 880 880 937 nonnumquam
892 864 1061 940 aggreditur,
1071 873 1151 922 extra
1163 863 1289 923 Concor·

98 964 237 1017 uotorum
246 960 392 1027 terminos,
407 959 443 1017 ad
456 960 560 1017 abusus
574 958 720 1017 referenda
733 968 811 1028 sunt,
825 978 897 1033 quos
912 960 1155 1019 Pseudo-Politici
1170 962 1286 1021 invexe-

97 1066 162 1113 runt
170 1075 235 1115 cum
244 1076 348 1135 magno
357 1058 515 1135 Religionis
522 1057 699 1126 detrimento,
706 1058 783 1117 nulla
792 1076 857 1117 eum
866 1059 1029 1136 reipublicae
1037 1060 1130 1131 civilis
1140 1061 1285 1120 utilitate.²

140 1140 208 1233 obj.
222 1158 252 1213 8.
273 1154 342 1232 Ipsa
354 1152 538 1214 Cmmrdoto
549 1155 644 1231 Reges
655 1155 730 1213 inter
739 1165 768 1212 et
781 1156 935 1214 Pontifices
950 1158 1069 1234 probant
1078 1156 1128 1232 jus
1141 1156 1285 1231 quoddam

96 1251 127 1309 in
140 1251 272 1310 Ecclesia
291 1250 511 1311 administranda
524 1252 601 1309 civili
621 1252 753 1328 potestati
767 1253 872 1321 inesse,
893 1253 994 1311 saltem
1008 1264 1148 1327 quatenus
1171 1255 1282 1331 prospi-

96 1348 229 1409 ciendum
242 1358 296 1407 -est
316 1350 392 1408 bono
413 1348 539 1426 publico,
560 1359 589 1407 et
610 1348 764 1409 videndum
785 1369 822 1409 ne
842 1350 912 1424 quid
932 1350 1092 1411 detrimenti
1109 1353 1205 1429 capiat
1223 1370 1281 1411 res·

95 1446 217 1524 publica.

133 1542 224 1620 Resp.
243 1541 423 1611 concordata
442 1542 609 1620 plerumque
629 1554 789 1621 temporum
809 1545 976 1603 necessitate
996 1555 1109 1605 extorta
1126 1557 1207 1616 sunt,
1227 1567 1283 1607 nec

93 1650 188 1699 tamen
202 1640 326 1697 nituntur
342 1640 408 1716 jure
422 1639 517 1713 aliquo
530 1639 607 1713 quod
627 1640 682 1698 sibi
697 1639 820 1698 vindicet
832 1640 924 1697 civilis
945 1651 1070 1718 potestas
1085 1643 1117 1701 in
1136 1642 1279 1725 Ecclesia

93 1738 303 1816 gubernatione,
314 1737 366 1795 sed
378 1726 514 1797 relatione
525 1757 588 1811 qum
603 1737 750 1797 intercedit
762 1738 834 1799 inter
845 1737 1007 1799 Ecclesiam
1017 1750 1046 1798 et
1056 1740 1273 1818 Rempublicam

92 1837 216 1895 civilem.
257 1836 354 1903 Quum
373 1852 412 1895 ex
433 1836 593 1912 principum
608 1835 802 1894 munificentia
816 1836 1018 1911 temporalibus
1040 1837 1123 1895 bonis
1139 1848 1221 1897 ancta
1241 1839 1282 1896 sit

94 1935 163 1995 olim
177 1935 319 2003 Ecclesia,
335 1943 364 1992 et
376 1951 464 2006 quum
474 1934 541 2010 jura
554 1952 644 2002 sacra,
658 1952 675 1990 a
689 1932 766 1990 civili
781 1933 944 1991 auctoritate
958 1935 1063 2012 agnita,
1078 1935 1107 1993 in
1123 1935 1187 1995 foro
1206 1936 1283 1995 civili

92 2033 274 2101 obtinuerint,
290 2050 403 2105 aequum
419 2031 511 2089 visum
525 2040 569 2086 est
581 2040 613 2087 nt
625 2027 756 2103 quoedam
771 2030 958 2115 tribuerentur
977 2032 1157 2109 principibus
1173 2033 1281 2095 Catho-

90 2129 154 2188 licis
176 2128 332 2206 privilegia,
347 2128 432 2185 certis
447 2137 541 2184 tamen
555 2127 769 2204 circumscripta
788 2126 937 2211 limitibus,
951 2137 980 2185 et
1000 2129 1129 2206 pluribus
1143 2129 1279 2191 adhibitis

89 2226 218 2295 cautelis,
233 2244 268 2284 ne
283 2226 312 2283 in
326 2225 466 2287 Ecclesia
486 2223 641 2301 perniciem
655 2223 815 2285 evaderent.
856 2224 906 2283 Ex
926 2225 962 2283 iis
984 2227 1095 2287 nullum
1122 2229 1173 2306 jus
1194 2229 1282 2301 ielnti

90 2325 232 2383 inhaerens
253 2325 429 2403 Reipublicae
450 2333 544 2401 potest
557 2324 684 2392 confici,l
697 2324 828 2399 quamvis
841 2323 919 2381 enim
938 2324 1061 2401 publicae
1072 2326 1187 2386 utilitati
1200 2347 1282 2403 pros·

90 2424 185 2499 picere
199 2422 308 2487 debeat,
322 2422 448 2480 subsidia
462 2432 557 2479 tamen
571 2422 674 2495 quibus
687 2421 729 2479 uti
749 2431 870 2497 oportet,
885 2422 1028 2498 pertinent
1041 2422 1076 2483 ad
1089 2424 1218 2484 ordinem
1231 2445 1280 2485 so·

90 2518 208 2586 cletario,
224 2518 352 2590 nihilque
373 2518 477 2575 habent
489 2536 640 2576 commune
655 2536 720 2579 cum
741 2519 824 2575 rebus
839 2517 955 2585 divinis.
995 2504 1054 2579 sies
1066 2520 1276 2583 cavendumne

88 2616 249 2693 respublica
257 2614 565 2692 capiatdetrimentum,
576 2615 687 2692 legibus
698 2615 763 2673 latis
777 2634 814 2674 ne
825 2614 894 2689 quid
904 2627 1001 2676 contm
1012 2637 1110 2695 pacem
1117 2629 1146 2677 et
1153 2621 1281 2691 salutem,

88 2714 231 2792 publicam
243 2713 309 2780 fiat;
325 2710 375 2770 sed
389 2730 474 2770 omne
490 2713 569 2770 abest
582 2712 742 2789 periculum
754 2713 896 2772 turbarum
910 2714 945 2772 ab
955 2713 1168 2776 Ecclesiastico
1180 2729 1277 2796 potes·

88 2813 153 2871 latis
167 2813 303 2871 exercitio
315 2812 343 2870 in
358 2812 394 2870 iis
408 2830 472 2885 qum
486 2809 523 2869 ad
536 2811 636 2869 animm
651 2812 793 2888 pertinent
802 2811 931 2873 salutem.
965 2811 1114 2875 Caeterunr
1124 2815 1160 2875 de
1174 2818 1276 2877 utrius-

88 2927 144 2982 que
155 2908 303 2985 potestatis
317 2908 452 2971 relatione
466 2908 520 2967 erit
532 2917 633 2985 postea
645 2905 853 2967 disserendum.
874 2898 920 2966 ild
930 2907 1071 2971 Ecclesiae
1082 2914 1280 2974 anctoritatem

87 3007 118 3063 in
131 3005 215 3063 rebus
230 3003 297 3063 fidei
310 3003 528 3081 explicandam
517 3024 578 3082 Jam
591 3003 763 3063 accedimus.
1201 3036 1204 3041 ·

1254 3186 1257 3191 ¹
1285 3188 1317 3199 .ae

619 3292 737 3310 *n

369 3496 406 3556 c.
428 3492 525 3556 xvn.
566 3470 622 3557 ou
644 3458 991 3559 monendomum..
1015 3488 1018 3493 ’

126 3675 219 3743 Quam
230 3676 388 3735 adhibuerit
401 3673 551 3743 methodus
567 3671 700 3732 Christus
715 3674 745 3733 in
758 3693 811 3732 sua
823 3675 995 3749 instituenda
1007 3656 1156 3756 republica
1163 3644 1203 3747 ex
1216 3682 1276 3753 ‹liu-¹

85 3774 122 3832 tis
136 3783 221 3851 patet,
237 3775 388 3834 Rectorem
403 3771 512 3831 scilicet
523 3770 669 3830 constituit
682 3789 857 3849 supremum,
870 3774 916 3833 cni
929 3774 1076 3853 regiminis
1090 3779 1187 3839 socios
1201 3781 1276 3841 alios

117 3986 155 4046 (l)
170 3984 233 4033 Vide
244 4000 304 4048 opus
314 3990 394 4034 totum
405 3982 509 4033 Comitis
520 3981 558 4032 De
570 3981 682 4041 Maistre,
693 3980 733 4031 De
743 3981 850 4049 PEglisc
863 3983 1000 4036 Gallicane.

117 4070 154 4131 (2)
171 4074 186 4098 ‘⁸
196 4068 228 4118 In
238 4069 279 4117 the
290 4085 347 4118 case
358 4067 388 4118 of
400 4084 432 4117 an
443 4064 577 4132 authority,
586 4066 649 4116 such
660 4083 687 4117 ss
698 4066 752 4116 that
760 4067 843 4118 which
854 4069 953 4134 bishops
965 4070 1007 4136 lay
1019 4069 1092 4121 olsim
1105 4078 1139 4132 to,
1150 4074 1182 4125 ot*
1187 4074 1270 4125 dirius

84 4151 231 4210 institution,
240 4150 308 4199 there
319 4168 377 4216 may
389 4152 419 4200 be
429 4150 558 4215 ooloatory
568 4150 722 4214 partnsrship
732 4140 842 4201 minoen
853 4152 988 4203 individue]
1000 4152 1106 4218 bishopa,
1118 4158 1168 4207 and
1184 4159 1271 4209 indivi-

84 4236 141 4286 dual
158 4234 241 4298 lainga,
252 4247 279 4283 or
295 4232 431 4285 individual
446 4234 544 4298 priests,
555 4233 636 4282 whose
647 4232 745 4298 dignity
764 4234 791 4282 in
802 4234 843 4283 the
860 4234 978 4284 christian
989 4237 1037 4286 law
1048 4237 1071 4286 is
1082 4241 1159 4289 above
1174 4242 1230 4291 that
1245 4241 1275 4291 os

83 4319 226 4384 hingo-but
237 4316 307 4365 there
318 4331 365 4364 can
374 4317 404 4365 bc
414 4333 447 4366 no
463 4316 576 4375 translbr,
586 4332 631 4364 nor
643 4316 774 4366 alienation
785 4316 815 4367 of
825 4317 887 4367 such
897 4319 1036 4384 authorily3
1052 4321 1121 4370 thore
1133 4339 1181 4373 cun
1192 4325 1222 4374 be
1234 4342 1267 4375 no

83 4401 243 4467 prescriptiou
254 4398 284 4449 of
294 4413 347 4456 use,
357 4399 425 4448 there
436 4415 483 4465 cqn
494 4401 524 4449 bc
534 4415 567 4448 no
578 4400 621 4447 bar
632 4397 700 4462 from
710 4399 801 4460 dmuee,
811 4400 880 4450 there
891 4416 937 4450 can
948 4402 980 4452 be
990 4418 1022 4452 no
1033 4403 1086 4453 title
1096 4405 1176 4454 either
1188 4407 1215 4456 in
1226 4409 1268 4457 the

83 4488 223 4543 allowsnce,
234 4499 262 4533 or
273 4483 298 4531 in
312 4482 352 4530 the
363 4497 455 4532 canons
465 4500 525 4533 even
532 4483 562 4534 ol
567 4483 667 4548 general
679 4484 788 4533 couneils
796 4485 894 4551 against
901 4486 944 4534 the
954 4487 1268 4552 srerlsstinql'oundations

75 4572 113 4622 ,of
125 4572 165 4620 the
178 4567 284 4635 gospel.''
306 4565 504 4629 Clinch,p.154.
