<?xml version="1.0" encoding="UTF-8"?>
<!DOCTYPE html PUBLIC "-//W3C//DTD XHTML 1.0 Transitional//EN"
    "http://www.w3.org/TR/xhtml1/DTD/xhtml1-transitional.dtd">
<html xmlns="http://www.w3.org/1999/xhtml" xml:lang="en" lang="en">
 <head>
  <title>
</title>
<meta http-equiv="Content-Type" content="text/html;charset=utf-8" />
  <meta name='ocr-system' content='tesseract 3.04.00' />
  <meta name='ocr-capabilities' content='ocr_page ocr_carea ocr_par ocr_line ocrx_word'/>
</head>
<body>
  <div class='ocr_page' id='page_1' title='image "./theologidogmati00kenrgoog_0309.png"; bbox 0 0 2738 5032; ppageno 0'>
   <div class='ocr_carea' id='block_1_1' title="bbox 10 198 975 310">
    <p class='ocr_par' dir='ltr' id='par_1_1' title="bbox 10 198 975 310">
     <span class='ocr_line' id='line_1_1' title="bbox 10 198 975 310; baseline -0.005 -1"><span class='ocrx_word' id='word_1_1' title='bbox 10 238 13 243; x_wconf 43' lang='lat'>¹</span> <span class='ocrx_word' id='word_1_2' title='bbox 64 252 124 309; x_wconf 64' lang='grc' dir='ltr'><em>Μ</em></span> <span class='ocrx_word' id='word_1_3' title='bbox 323 198 329 215; x_wconf 78' lang='lat'>=</span> <span class='ocrx_word' id='word_1_4' title='bbox 399 248 456 309; x_wconf 88' lang='lat' dir='ltr'><strong>DE</strong></span> <span class='ocrx_word' id='word_1_5' title='bbox 471 246 718 310; x_wconf 70' lang='lat' dir='ltr'>DISCIPLINA</span> <span class='ocrx_word' id='word_1_6' title='bbox 744 245 975 308; x_wconf 80' lang='lat' dir='ltr'><strong>ECCLESIAE.</strong></span> 
     </span>
    </p>
   </div>
   <div class='ocr_carea' id='block_1_2' title="bbox 4 386 1292 4464">
    <p class='ocr_par' dir='ltr' id='par_1_2' title="bbox 65 386 1292 486">
     <span class='ocr_line' id='line_1_2' title="bbox 65 386 1292 486; baseline -0.008 -20"><span class='ocrx_word' id='word_1_7' title='bbox 65 410 150 467; x_wconf 87' lang='lat' dir='ltr'><strong>etiam</strong></span> <span class='ocrx_word' id='word_1_8' title='bbox 173 407 413 486; x_wconf 76' lang='lat' dir='ltr'>quadragesimale</span> <span class='ocrx_word' id='word_1_9' title='bbox 435 420 572 486; x_wconf 88' lang='lat' dir='ltr'><strong>perpetuo</strong></span> <span class='ocrx_word' id='word_1_10' title='bbox 596 408 626 466; x_wconf 92' lang='lat' dir='ltr'><strong>in</strong></span> <span class='ocrx_word' id='word_1_11' title='bbox 650 406 783 466; x_wconf 74' lang='lat' dir='ltr'><strong>Ecclesia</strong></span> <span class='ocrx_word' id='word_1_12' title='bbox 804 416 956 473; x_wconf 86' lang='lat' dir='ltr'><strong>servatum,</strong></span> <span class='ocrx_word' id='word_1_13' title='bbox 980 405 1014 462; x_wconf 86' lang='lat' dir='ltr'><strong>ab</strong></span> <span class='ocrx_word' id='word_1_14' title='bbox 1042 386 1292 475; x_wconf 75' lang='lat' dir='ltr'><strong>antiquissimi-</strong></span> 
     </span>
    </p>

    <p class='ocr_par' dir='ltr' id='par_1_3' title="bbox 64 490 1292 581">
     <span class='ocr_line' id='line_1_3' title="bbox 64 490 1292 581; baseline -0.007 -20"><span class='ocrx_word' id='word_1_15' title='bbox 64 505 247 580; x_wconf 90' lang='lat' dir='ltr'><strong>scriptoribus</strong></span> <span class='ocrx_word' id='word_1_16' title='bbox 270 502 304 561; x_wconf 87' lang='lat' dir='ltr'><strong>ad</strong></span> <span class='ocrx_word' id='word_1_17' title='bbox 331 505 486 581; x_wconf 80' lang='lat' dir='ltr'><strong>Apostolos</strong></span> <span class='ocrx_word' id='word_1_18' title='bbox 509 516 636 562; x_wconf 77' lang='lat' dir='ltr'>auctores</span> <span class='ocrx_word' id='word_1_19' title='bbox 658 502 785 561; x_wconf 84' lang='lat' dir='ltr'><strong>refertur.</strong></span> <span class='ocrx_word' id='word_1_20' title='bbox 834 498 970 578; x_wconf 75' lang='lat' dir='ltr'><strong>Litur&#39;giae</strong></span> <span class='ocrx_word' id='word_1_21' title='bbox 994 497 1164 564; x_wconf 89' lang='lat' dir='ltr'><strong>substantia,</strong></span> <span class='ocrx_word' id='word_1_22' title='bbox 1188 490 1292 569; x_wconf 71' lang='lat' dir='ltr'><strong>qute3</strong></span> 
     </span>
    </p>

    <p class='ocr_par' dir='ltr' id='par_1_4' title="bbox 62 592 1292 1262">
     <span class='ocr_line' id='line_1_4' title="bbox 64 592 1292 677; baseline -0.009 -17"><span class='ocrx_word' id='word_1_23' title='bbox 64 601 170 674; x_wconf 87' lang='lat' dir='ltr'><strong>ubique</strong></span> <span class='ocrx_word' id='word_1_24' title='bbox 189 599 289 659; x_wconf 83' lang='lat' dir='ltr'><strong>eadem</strong></span> <span class='ocrx_word' id='word_1_25' title='bbox 311 612 363 667; x_wconf 88' lang='lat' dir='ltr'><strong>est,</strong></span> <span class='ocrx_word' id='word_1_26' title='bbox 380 606 417 658; x_wconf 85' lang='lat' dir='ltr'><strong>ex&#39;</strong></span> <span class='ocrx_word' id='word_1_27' title='bbox 438 601 605 677; x_wconf 82' lang='lat' dir='ltr'><strong>Apostolico</strong></span> <span class='ocrx_word' id='word_1_28' title='bbox 625 600 703 658; x_wconf 87' lang='lat' dir='ltr'><strong>sonte</strong></span> <span class='ocrx_word' id='word_1_29' title='bbox 724 605 855 657; x_wconf 86' lang='lat' dir='ltr'><strong>manasse</strong></span> <span class='ocrx_word' id='word_1_30' title='bbox 875 599 977 657; x_wconf 91' lang='lat' dir='ltr'><strong>merito</strong></span> <span class='ocrx_word' id='word_1_31' title='bbox 997 605 1142 654; x_wconf 87' lang='lat' dir='ltr'><strong>censetur.</strong></span> <span class='ocrx_word' id='word_1_32' title='bbox 1181 592 1254 651; x_wconf 81' lang='lat' dir='ltr'><strong>Jun</strong></span> <span class='ocrx_word' id='word_1_33' title='bbox 1279 628 1292 639; x_wconf 89' lang='lat'>-</span> 
     </span>
     <span class='ocr_line' id='line_1_5' title="bbox 64 691 1289 776; baseline -0.008 -19"><span class='ocrx_word' id='word_1_34' title='bbox 64 699 216 776; x_wconf 72' lang='lat' dir='ltr'><strong>precipua,</strong></span> <span class='ocrx_word' id='word_1_35' title='bbox 232 700 335 772; x_wconf 91' lang='lat' dir='ltr'><strong>quibus</strong></span> <span class='ocrx_word' id='word_1_36' title='bbox 348 710 449 776; x_wconf 67' lang='lat' dir='ltr'><strong>practer</strong></span> <span class='ocrx_word' id='word_1_37' title='bbox 462 700 641 776; x_wconf 79' lang='lat' dir='ltr'><strong>Episcopum</strong></span> <span class='ocrx_word' id='word_1_38' title='bbox 655 699 817 757; x_wconf 68' lang='lat' dir='ltr'><strong>mannum</strong></span> <span class='ocrx_word' id='word_1_39' title='bbox 832 695 1083 767; x_wconf 79' lang='lat' dir='ltr'><strong>Alexandrinus-et</strong></span> <span class='ocrx_word' id='word_1_40' title='bbox 1096 691 1289 750; x_wconf 52' lang='lat' dir='ltr'><strong>Antiocho«</strong></span> 
     </span>
     <span class='ocr_line' id='line_1_6' title="bbox 63 786 1255 873; baseline -0.008 -18"><span class='ocrx_word' id='word_1_41' title='bbox 63 812 118 855; x_wconf 86' lang='lat' dir='ltr'><strong>uus</strong></span> <span class='ocrx_word' id='word_1_42' title='bbox 131 795 246 868; x_wconf 85' lang='lat' dir='ltr'><strong>antiqua</strong></span> <span class='ocrx_word' id='word_1_43' title='bbox 259 795 464 859; x_wconf 86' lang='lat' dir='ltr'><strong>consuetudine</strong></span> <span class='ocrx_word' id='word_1_44' title='bbox 477 794 592 873; x_wconf 84' lang='lat' dir='ltr'><strong>potiris</strong></span> <span class='ocrx_word' id='word_1_45' title='bbox 615 795 643 852; x_wconf 88' lang='lat' dir='ltr'><strong>N</strong></span> <span class='ocrx_word' id='word_1_46' title='bbox 646 796 736 852; x_wconf 81' lang='lat' dir='ltr'><strong>icoeno</strong></span> <span class='ocrx_word' id='word_1_47' title='bbox 751 793 885 852; x_wconf 80' lang='lat' dir='ltr'><strong>Concilio</strong></span> <span class='ocrx_word' id='word_1_48' title='bbox 905 793 992 868; x_wconf 78' lang='lat' dir='ltr'><strong>agniti</strong></span> <span class='ocrx_word' id='word_1_49' title='bbox 1014 801 1090 858; x_wconf 90' lang='lat' dir='ltr'><strong>sunt,</strong></span> <span class='ocrx_word' id='word_1_50' title='bbox 1108 786 1255 865; x_wconf 79' lang='lat' dir='ltr'><strong>Apostoli·</strong></span> 
     </span>
     <span class='ocr_line' id='line_1_7' title="bbox 63 885 1262 970; baseline -0.003 -19"><span class='ocrx_word' id='word_1_51' title='bbox 63 912 126 951; x_wconf 87' lang='lat' dir='ltr'><strong>cam</strong></span> <span class='ocrx_word' id='word_1_52' title='bbox 139 894 278 970; x_wconf 79' lang='lat' dir='ltr'><strong>originem</strong></span> <span class='ocrx_word' id='word_1_53' title='bbox 294 894 426 970; x_wconf 87' lang='lat' dir='ltr'><strong>produnt.</strong></span> <span class='ocrx_word' id='word_1_54' title='bbox 448 895 532 952; x_wconf 89' lang='lat' dir='ltr'><strong>Ritus</strong></span> <span class='ocrx_word' id='word_1_55' title='bbox 546 893 681 969; x_wconf 78' lang='lat' dir='ltr'><strong>precipui</strong></span> <span class='ocrx_word' id='word_1_56' title='bbox 696 893 725 951; x_wconf 91' lang='lat' dir='ltr'><strong>in</strong></span> <span class='ocrx_word' id='word_1_57' title='bbox 740 893 889 968; x_wconf 86' lang='lat' dir='ltr'><strong>Baptismb</strong></span> <span class='ocrx_word' id='word_1_58' title='bbox 902 891 1009 963; x_wconf 87' lang='lat' dir='ltr'><strong>ubique</strong></span> <span class='ocrx_word' id='word_1_59' title='bbox 1019 888 1148 955; x_wconf 73' lang='grc' dir='ltr'><strong>ιιιιιιιι,1</strong></span> <span class='ocrx_word' id='word_1_60' title='bbox 1161 885 1262 949; x_wconf 77' lang='lat' dir='ltr'><strong>atalia.</strong></span> 
     </span>
     <span class='ocr_line' id='line_1_8' title="bbox 62 986 1251 1066; baseline -0.008 -16"><span class='ocrx_word' id='word_1_61' title='bbox 62 990 235 1064; x_wconf 74' lang='lat' dir='ltr'><strong>omniaque</strong></span> <span class='ocrx_word' id='word_1_62' title='bbox 249 991 355 1064; x_wconf 91' lang='lat' dir='ltr'><strong>ubique</strong></span> <span class='ocrx_word' id='word_1_63' title='bbox 377 1009 428 1066; x_wconf 90' lang='lat' dir='ltr'><strong>per</strong></span> <span class='ocrx_word' id='word_1_64' title='bbox 448 1002 533 1048; x_wconf 92' lang='lat' dir='ltr'><strong>totam</strong></span> <span class='ocrx_word' id='word_1_65' title='bbox 555 990 716 1047; x_wconf 80' lang='lat' dir='ltr'><strong>Ecclesiam</strong></span> <span class='ocrx_word' id='word_1_66' title='bbox 732 989 857 1065; x_wconf 84' lang='lat' dir='ltr'><strong>viguisse</strong></span> <span class='ocrx_word' id='word_1_67' title='bbox 877 998 1043 1055; x_wconf 90' lang='lat' dir='ltr'><strong>noscuntur,</strong></span> <span class='ocrx_word' id='word_1_68' title='bbox 1058 986 1130 1059; x_wconf 90' lang='lat' dir='ltr'><strong>quin</strong></span> <span class='ocrx_word' id='word_1_69' title='bbox 1151 1001 1251 1042; x_wconf 88' lang='lat' dir='ltr'><strong>eorum</strong></span> 
     </span>
     <span class='ocr_line' id='line_1_9' title="bbox 67 1079 1254 1189; baseline -0.007 -45"><span class='ocrx_word' id='word_1_70' title='bbox 67 1086 207 1146; x_wconf 89' lang='lat' dir='ltr'><strong>institutio</strong></span> <span class='ocrx_word' id='word_1_71' title='bbox 232 1107 248 1144; x_wconf 92' lang='lat' dir='ltr'><strong>a</strong></span> <span class='ocrx_word' id='word_1_72' title='bbox 273 1086 423 1154; x_wconf 83' lang='lat' dir='ltr'><strong>Conciliis,</strong></span> <span class='ocrx_word' id='word_1_73' title='bbox 453 1085 686 1151; x_wconf 83' lang='lat' dir='ltr'><strong>Pontificibusve,</strong></span> <span class='ocrx_word' id='word_1_74' title='bbox 712 1086 857 1144; x_wconf 80' lang='lat' dir='ltr'><strong>sanctione</strong></span> <span class='ocrx_word' id='word_1_75' title='bbox 882 1084 976 1156; x_wconf 87' lang='lat' dir='ltr'><strong>aliqua</strong></span> <span class='ocrx_word' id='word_1_76' title='bbox 998 1083 1168 1148; x_wconf 84' lang='lat' dir='ltr'><strong>innotescat,</strong></span> <span class='ocrx_word' id='word_1_77' title='bbox 1187 1079 1254 1189; x_wconf 82' lang='lat' dir='ltr'><strong>jure</strong></span> 
     </span>
     <span class='ocr_line' id='line_1_10' title="bbox 62 1179 1094 1262; baseline -0.008 -19"><span class='ocrx_word' id='word_1_78' title='bbox 62 1185 184 1262; x_wconf 90' lang='lat' dir='ltr'><strong>optimo,</strong></span> <span class='ocrx_word' id='word_1_79' title='bbox 195 1184 278 1261; x_wconf 80' lang='lat' dir='ltr'><strong>juxta</strong></span> <span class='ocrx_word' id='word_1_80' title='bbox 292 1185 444 1260; x_wconf 76' lang='lat' dir='ltr'><strong>Augurini</strong></span> <span class='ocrx_word' id='word_1_81' title='bbox 436 1183 595 1260; x_wconf 35' lang='lat' dir='ltr'><strong>Qregulam</strong></span> <span class='ocrx_word' id='word_1_82' title='bbox 611 1182 645 1240; x_wconf 92' lang='lat' dir='ltr'><strong>ab</strong></span> <span class='ocrx_word' id='word_1_83' title='bbox 658 1183 808 1259; x_wconf 86' lang='lat' dir='ltr'><strong>Apostolis</strong></span> <span class='ocrx_word' id='word_1_84' title='bbox 821 1181 919 1239; x_wconf 90' lang='lat' dir='ltr'><strong>tradita</strong></span> <span class='ocrx_word' id='word_1_85' title='bbox 932 1179 1094 1239; x_wconf 86' lang='lat' dir='ltr'><strong>creduntur.</strong></span> 
     </span>
    </p>

    <p class='ocr_par' dir='ltr' id='par_1_5' title="bbox 61 1271 1271 2137">
     <span class='ocr_line' id='line_1_11' title="bbox 104 1271 1252 1356; baseline -0.007 -19"><span class='ocrx_word' id='word_1_86' title='bbox 104 1278 347 1356; x_wconf 81' lang='lat' dir='ltr'><strong>Suffragatortota</strong></span> <span class='ocrx_word' id='word_1_87' title='bbox 361 1280 511 1351; x_wconf 78' lang='lat' dir='ltr'><strong>antiquitas</strong></span> <span class='ocrx_word' id='word_1_88' title='bbox 526 1278 691 1341; x_wconf 81' lang='lat' dir='ltr'><strong>Christiana</strong></span> <span class='ocrx_word' id='word_1_89' title='bbox 704 1296 767 1351; x_wconf 83' lang='lat' dir='ltr'><strong>qma</strong></span> <span class='ocrx_word' id='word_1_90' title='bbox 788 1277 906 1336; x_wconf 90' lang='lat' dir='ltr'><strong>eandem</strong></span> <span class='ocrx_word' id='word_1_91' title='bbox 923 1275 1096 1335; x_wconf 83' lang='lat' dir='ltr'><strong>Praesulibus</strong></span> <span class='ocrx_word' id='word_1_92' title='bbox 1111 1271 1252 1335; x_wconf 67' lang='lat' dir='ltr'><strong>Ecclesia</strong></span> 
     </span>
     <span class='ocr_line' id='line_1_12' title="bbox 62 1370 1252 1454; baseline -0.007 -19"><span class='ocrx_word' id='word_1_93' title='bbox 62 1387 232 1454; x_wconf 86' lang='lat' dir='ltr'><strong>potestatem</strong></span> <span class='ocrx_word' id='word_1_94' title='bbox 251 1375 347 1433; x_wconf 86' lang='lat' dir='ltr'><strong>inesse</strong></span> <span class='ocrx_word' id='word_1_95' title='bbox 361 1376 485 1452; x_wconf 82' lang='lat' dir='ltr'><strong>agnovit.</strong></span> <span class='ocrx_word' id='word_1_96' title='bbox 527 1374 662 1435; x_wconf 82' lang='lat' dir='ltr'><strong>Oanones</strong></span> <span class='ocrx_word' id='word_1_97' title='bbox 676 1376 727 1448; x_wconf 90' lang='lat' dir='ltr'><strong>qui</strong></span> <span class='ocrx_word' id='word_1_98' title='bbox 750 1376 780 1432; x_wconf 91' lang='lat' dir='ltr'><strong>in</strong></span> <span class='ocrx_word' id='word_1_99' title='bbox 802 1374 945 1432; x_wconf 73' lang='lat' dir='ltr'><strong>(tonantia</strong></span> <span class='ocrx_word' id='word_1_100' title='bbox 958 1384 1017 1430; x_wconf 88' lang='lat' dir='ltr'><strong>tum</strong></span> <span class='ocrx_word' id='word_1_101' title='bbox 1038 1370 1252 1451; x_wconf 78' lang='lat' dir='ltr'><strong>(Ecumenicis,</strong></span> 
     </span>
     <span class='ocr_line' id='line_1_13' title="bbox 63 1469 1253 1551; baseline -0.007 -18"><span class='ocrx_word' id='word_1_102' title='bbox 63 1488 122 1534; x_wconf 88' lang='lat' dir='ltr'><strong>tum</strong></span> <span class='ocrx_word' id='word_1_103' title='bbox 137 1473 362 1551; x_wconf 85' lang='lat' dir='ltr'><strong>particularibus,</strong></span> <span class='ocrx_word' id='word_1_104' title='bbox 374 1483 442 1531; x_wconf 89' lang='lat' dir='ltr'><strong>sunt</strong></span> <span class='ocrx_word' id='word_1_105' title='bbox 453 1473 512 1538; x_wconf 91' lang='lat' dir='ltr'><strong>lati,</strong></span> <span class='ocrx_word' id='word_1_106' title='bbox 534 1473 648 1531; x_wconf 86' lang='lat' dir='ltr'><strong>indubia</strong></span> <span class='ocrx_word' id='word_1_107' title='bbox 661 1486 728 1533; x_wconf 88' lang='lat' dir='ltr'><strong>sunt</strong></span> <span class='ocrx_word' id='word_1_108' title='bbox 748 1482 931 1531; x_wconf 82' lang='lat' dir='ltr'><strong>monumenta</strong></span> <span class='ocrx_word' id='word_1_109' title='bbox 944 1472 1007 1548; x_wconf 82' lang='lat' dir='ltr'><strong>ejus</strong></span> <span class='ocrx_word' id='word_1_110' title='bbox 1023 1469 1165 1530; x_wconf 84' lang='lat' dir='ltr'><strong>exercitii.</strong></span> <span class='ocrx_word' id='word_1_111' title='bbox 1204 1469 1253 1525; x_wconf 82' lang='lat' dir='ltr'><strong>Se·</strong></span> 
     </span>
     <span class='ocr_line' id='line_1_14' title="bbox 62 1558 1256 1648; baseline -0.005 -18"><span class='ocrx_word' id='word_1_112' title='bbox 62 1572 156 1630; x_wconf 79' lang='lat' dir='ltr'><strong>verim</strong></span> <span class='ocrx_word' id='word_1_113' title='bbox 177 1571 292 1629; x_wconf 90' lang='lat' dir='ltr'><strong>inducta</strong></span> <span class='ocrx_word' id='word_1_114' title='bbox 312 1581 357 1628; x_wconf 88' lang='lat' dir='ltr'><strong>est</strong></span> <span class='ocrx_word' id='word_1_115' title='bbox 371 1572 452 1629; x_wconf 86' lang='lat' dir='ltr'><strong>tertio</strong></span> <span class='ocrx_word' id='word_1_116' title='bbox 466 1572 573 1630; x_wconf 74' lang='lat' dir='ltr'><strong>saeculo</strong></span> <span class='ocrx_word' id='word_1_117' title='bbox 584 1571 745 1648; x_wconf 82' lang='lat' dir='ltr'><strong>disciplina,</strong></span> <span class='ocrx_word' id='word_1_118' title='bbox 760 1583 789 1633; x_wconf 89' lang='lat' dir='ltr'><strong>et</strong></span> <span class='ocrx_word' id='word_1_119' title='bbox 803 1560 978 1631; x_wconf 71' lang='lat' dir='ltr'><strong>Paenitentia</strong></span> <span class='ocrx_word' id='word_1_120' title='bbox 992 1567 1097 1646; x_wconf 84' lang='lat' dir='ltr'><strong>gradus</strong></span> <span class='ocrx_word' id='word_1_121' title='bbox 1110 1558 1256 1635; x_wconf 84' lang='lat' dir='ltr'><strong>distincti,¹</strong></span> 
     </span>
     <span class='ocr_line' id='line_1_15' title="bbox 62 1652 1253 1746; baseline -0.004 -20"><span class='ocrx_word' id='word_1_122' title='bbox 62 1668 161 1733; x_wconf 84' lang='lat' dir='ltr'><strong>relicto</strong></span> <span class='ocrx_word' id='word_1_123' title='bbox 176 1684 264 1744; x_wconf 88' lang='lat' dir='ltr'><strong>penes</strong></span> <span class='ocrx_word' id='word_1_124' title='bbox 279 1659 443 1745; x_wconf 80' lang='lat' dir='ltr'><strong>Episcopus</strong></span> <span class='ocrx_word' id='word_1_125' title='bbox 458 1667 638 1746; x_wconf 78' lang='lat' dir='ltr'><strong>indulgentia</strong></span> <span class='ocrx_word' id='word_1_126' title='bbox 652 1669 725 1727; x_wconf 85' lang='lat' dir='ltr'><strong>loco.</strong></span> <span class='ocrx_word' id='word_1_127' title='bbox 769 1668 946 1739; x_wconf 75' lang='lat' dir='ltr'><strong>Bostrenum</strong></span> <span class='ocrx_word' id='word_1_128' title='bbox 963 1652 1041 1725; x_wconf 82' lang='lat' dir='ltr'><strong>vices</strong></span> <span class='ocrx_word' id='word_1_129' title='bbox 1056 1666 1136 1742; x_wconf 82' lang='lat' dir='ltr'><strong>rigor</strong></span> <span class='ocrx_word' id='word_1_130' title='bbox 1150 1652 1199 1722; x_wconf 88' lang='lat' dir='ltr'><strong>Ille</strong></span> <span class='ocrx_word' id='word_1_131' title='bbox 1210 1676 1253 1722; x_wconf 73' lang='lat' dir='ltr'><strong>re·-</strong></span> 
     </span>
     <span class='ocr_line' id='line_1_16' title="bbox 61 1762 1247 1843; baseline -0.004 -19"><span class='ocrx_word' id='word_1_132' title='bbox 61 1762 173 1825; x_wconf 84' lang='lat' dir='ltr'><strong>laxatus</strong></span> <span class='ocrx_word' id='word_1_133' title='bbox 187 1774 241 1823; x_wconf 88' lang='lat' dir='ltr'><strong>est.</strong></span> <span class='ocrx_word' id='word_1_134' title='bbox 282 1764 383 1823; x_wconf 85' lang='lat' dir='ltr'><strong>Plures</strong></span> <span class='ocrx_word' id='word_1_135' title='bbox 394 1767 553 1824; x_wconf 77' lang='lat' dir='ltr'><strong>constitutae</strong></span> <span class='ocrx_word' id='word_1_136' title='bbox 566 1777 633 1824; x_wconf 90' lang='lat' dir='ltr'><strong>sunt</strong></span> <span class='ocrx_word' id='word_1_137' title='bbox 644 1766 723 1843; x_wconf 78' lang='lat' dir='ltr'><strong>leges</strong></span> <span class='ocrx_word' id='word_1_138' title='bbox 737 1784 800 1838; x_wconf 79' lang='lat' dir='ltr'><strong>quae</strong></span> <span class='ocrx_word' id='word_1_139' title='bbox 809 1782 910 1824; x_wconf 90' lang='lat' dir='ltr'><strong>omnes</strong></span> <span class='ocrx_word' id='word_1_140' title='bbox 922 1762 1133 1821; x_wconf 74' lang='lat' dir='ltr'><strong>christifideles</strong></span> <span class='ocrx_word' id='word_1_141' title='bbox 1142 1762 1247 1838; x_wconf 78' lang='lat' dir='ltr'><strong>obliga·</strong></span> 
     </span>
     <span class='ocr_line' id='line_1_17' title="bbox 62 1860 1251 1958; baseline -0.005 -35"><span class='ocrx_word' id='word_1_142' title='bbox 62 1867 148 1936; x_wconf 72' lang='lat' dir='ltr'><strong>hant,</strong></span> <span class='ocrx_word' id='word_1_143' title='bbox 170 1864 298 1958; x_wconf 80' lang='lat' dir='ltr'><strong>plurimae</strong></span> <span class='ocrx_word' id='word_1_144' title='bbox 321 1882 384 1938; x_wconf 83' lang='lat' dir='ltr'><strong>qnoe</strong></span> <span class='ocrx_word' id='word_1_145' title='bbox 399 1864 492 1922; x_wconf 90' lang='lat' dir='ltr'><strong>solum</strong></span> <span class='ocrx_word' id='word_1_146' title='bbox 509 1864 672 1940; x_wconf 81' lang='lat' dir='ltr'><strong>spectabant</strong></span> <span class='ocrx_word' id='word_1_147' title='bbox 680 1864 802 1931; x_wconf 88' lang='lat' dir='ltr'><strong>clerum,</strong></span> <span class='ocrx_word' id='word_1_148' title='bbox 818 1860 1011 1921; x_wconf 84' lang='lat' dir='ltr'><strong>deliniebant</strong></span> <span class='ocrx_word' id='word_1_149' title='bbox 999 1880 1081 1938; x_wconf 84' lang='lat' dir='ltr'><strong>Jura,</strong></span> <span class='ocrx_word' id='word_1_150' title='bbox 1077 1861 1251 1955; x_wconf 78' lang='lat' dir='ltr'><strong>praescribe·</strong></span> 
     </span>
     <span class='ocr_line' id='line_1_18' title="bbox 61 1956 1271 2073; baseline -0.006 -52"><span class='ocrx_word' id='word_1_151' title='bbox 61 1962 128 2021; x_wconf 85' lang='lat' dir='ltr'><strong>bant</strong></span> <span class='ocrx_word' id='word_1_152' title='bbox 147 1979 274 2029; x_wconf 88' lang='lat' dir='ltr'><strong>munera,</strong></span> <span class='ocrx_word' id='word_1_153' title='bbox 297 1961 468 2037; x_wconf 86' lang='lat' dir='ltr'><strong>plectebant</strong></span> <span class='ocrx_word' id='word_1_154' title='bbox 478 1958 591 2018; x_wconf 86' lang='lat' dir='ltr'><strong>delicta.</strong></span> <span class='ocrx_word' id='word_1_155' title='bbox 630 1956 763 2019; x_wconf 86' lang='lat' dir='ltr'><strong>infinitus</strong></span> <span class='ocrx_word' id='word_1_156' title='bbox 782 1969 858 2019; x_wconf 86' lang='lat' dir='ltr'><strong>esset</strong></span> <span class='ocrx_word' id='word_1_157' title='bbox 880 1958 930 2031; x_wconf 89' lang='lat' dir='ltr'><strong>qui</strong></span> <span class='ocrx_word' id='word_1_158' title='bbox 951 1957 1038 2073; x_wconf 88' lang='lat' dir='ltr'><strong>vellet</strong></span> <span class='ocrx_word' id='word_1_159' title='bbox 1050 1957 1151 2016; x_wconf 88' lang='lat' dir='ltr'><strong>omnia</strong></span> <span class='ocrx_word' id='word_1_160' title='bbox 1162 1956 1271 2036; x_wconf 23' lang='lat' dir='ltr'><strong>liujus·</strong></span> 
     </span>
     <span class='ocr_line' id='line_1_19' title="bbox 61 2059 1165 2137; baseline -0.007 -19"><span class='ocrx_word' id='word_1_161' title='bbox 61 2059 208 2137; x_wconf 86' lang='lat' dir='ltr'><strong>potestatis</strong></span> <span class='ocrx_word' id='word_1_162' title='bbox 223 2062 372 2117; x_wconf 84' lang='lat' dir='ltr'><strong>recensere</strong></span> <span class='ocrx_word' id='word_1_163' title='bbox 386 2066 559 2132; x_wconf 74' lang='lat' dir='ltr'><strong>argumenta.</strong></span> <span class='ocrx_word' id='word_1_164' title='bbox 622 2096 625 2103; x_wconf 79' lang='lat'><em>-</em></span> <span class='ocrx_word' id='word_1_165' title='bbox 685 2060 688 2065; x_wconf 87' lang='lat'>&#39;</span> <span class='ocrx_word' id='word_1_166' title='bbox 1044 2070 1047 2075; x_wconf 89' lang='grc'><em>·</em></span> <span class='ocrx_word' id='word_1_167' title='bbox 1162 2077 1165 2081; x_wconf 94' lang='grc'><em>·</em></span> 
     </span>
    </p>

    <p class='ocr_par' dir='ltr' id='par_1_6' title="bbox 56 2149 1257 3009">
     <span class='ocr_line' id='line_1_20' title="bbox 102 2149 1253 2229; baseline -0.003 -16"><span class='ocrx_word' id='word_1_168' title='bbox 102 2154 271 2213; x_wconf 81' lang='lat' dir='ltr'><strong>Cotisonum</strong></span> <span class='ocrx_word' id='word_1_169' title='bbox 294 2153 347 2211; x_wconf 86' lang='lat' dir='ltr'><strong>luit</strong></span> <span class='ocrx_word' id='word_1_170' title='bbox 364 2152 468 2210; x_wconf 77' lang='lat' dir='ltr'><strong>divina</strong></span> <span class='ocrx_word' id='word_1_171' title='bbox 494 2151 603 2210; x_wconf 77' lang='lat' dir='ltr'><strong>curisti</strong></span> <span class='ocrx_word' id='word_1_172' title='bbox 619 2152 775 2229; x_wconf 77' lang='lat' dir='ltr'><strong>sapientia,</strong></span> <span class='ocrx_word' id='word_1_173' title='bbox 790 2150 980 2210; x_wconf 77' lang='lat' dir='ltr'><strong>fundamentis</strong></span> <span class='ocrx_word' id='word_1_174' title='bbox 996 2168 1067 2208; x_wconf 81' lang='lat' dir='ltr'><strong>suae</strong></span> <span class='ocrx_word' id='word_1_175' title='bbox 1088 2149 1253 2227; x_wconf 67' lang='lat' dir='ltr'><strong>reipublice</strong></span> 
     </span>
     <span class='ocr_line' id='line_1_21' title="bbox 57 2248 1250 2332; baseline -0.004 -20"><span class='ocrx_word' id='word_1_176' title='bbox 57 2255 152 2332; x_wconf 88' lang='lat' dir='ltr'><strong>jactis,</strong></span> <span class='ocrx_word' id='word_1_177' title='bbox 169 2271 231 2325; x_wconf 74' lang='lat' dir='ltr'><strong>quaa</strong></span> <span class='ocrx_word' id='word_1_178' title='bbox 251 2270 336 2310; x_wconf 89' lang='lat' dir='ltr'><strong>nemo</strong></span> <span class='ocrx_word' id='word_1_179' title='bbox 352 2248 417 2309; x_wconf 89' lang='lat' dir='ltr'><strong>loco</strong></span> <span class='ocrx_word' id='word_1_180' title='bbox 435 2268 550 2308; x_wconf 84' lang='lat' dir='ltr'><strong>movere</strong></span> <span class='ocrx_word' id='word_1_181' title='bbox 563 2261 670 2327; x_wconf 89' lang='lat' dir='ltr'><strong>posset,</strong></span> <span class='ocrx_word' id='word_1_182' title='bbox 682 2251 887 2327; x_wconf 83' lang='lat' dir='ltr'><strong>amplissimam</strong></span> <span class='ocrx_word' id='word_1_183' title='bbox 898 2250 1250 2325; x_wconf 74' lang='lat' dir='ltr'><strong>caeteroquinpotestatem</strong></span> 
     </span>
     <span class='ocr_line' id='line_1_22' title="bbox 56 2342 1253 2427; baseline -0.003 -22"><span class='ocrx_word' id='word_1_184' title='bbox 56 2351 122 2427; x_wconf 77' lang='lat' dir='ltr'><strong>eJus</strong></span> <span class='ocrx_word' id='word_1_185' title='bbox 132 2349 286 2406; x_wconf 88' lang='lat' dir='ltr'><strong>rectoribus</strong></span> <span class='ocrx_word' id='word_1_186' title='bbox 301 2348 403 2414; x_wconf 81' lang='lat' dir='ltr'><strong>Iacere,</strong></span> <span class='ocrx_word' id='word_1_187' title='bbox 419 2364 506 2420; x_wconf 91' lang='lat' dir='ltr'><strong>quum</strong></span> <span class='ocrx_word' id='word_1_188' title='bbox 520 2347 597 2405; x_wconf 86' lang='lat' dir='ltr'><strong>enim</strong></span> <span class='ocrx_word' id='word_1_189' title='bbox 609 2358 751 2405; x_wconf 85' lang='lat' dir='ltr'><strong>constaret</strong></span> <span class='ocrx_word' id='word_1_190' title='bbox 760 2342 976 2405; x_wconf 86' lang='lat' dir='ltr'><strong>bominibus-ex</strong></span> <span class='ocrx_word' id='word_1_191' title='bbox 990 2346 1253 2419; x_wconf 84' lang='lat' dir='ltr'><strong>qualibet&#39;natioue,</strong></span> 
     </span>
     <span class='ocr_line' id='line_1_23' title="bbox 61 2442 1252 2520; baseline -0.003 -17"><span class='ocrx_word' id='word_1_192' title='bbox 61 2456 90 2504; x_wconf 87' lang='lat' dir='ltr'><strong>et</strong></span> <span class='ocrx_word' id='word_1_193' title='bbox 103 2463 154 2520; x_wconf 89' lang='lat' dir='ltr'><strong>per</strong></span> <span class='ocrx_word' id='word_1_194' title='bbox 165 2444 451 2501; x_wconf 84' lang='lat' dir='ltr'><strong>sacculorumseriem</strong></span> <span class='ocrx_word' id='word_1_195' title='bbox 464 2454 541 2500; x_wconf 87' lang='lat' dir='ltr'><strong>esset</strong></span> <span class='ocrx_word' id='word_1_196' title='bbox 553 2442 693 2512; x_wconf 80' lang='lat' dir='ltr'><strong>duramus,</strong></span> <span class='ocrx_word' id='word_1_197' title='bbox 709 2445 782 2502; x_wconf 90' lang='lat' dir='ltr'><strong>inter</strong></span> <span class='ocrx_word' id='word_1_198' title='bbox 792 2444 915 2501; x_wconf 83' lang='lat' dir='ltr'><strong>latinitas</strong></span> <span class='ocrx_word' id='word_1_199' title='bbox 926 2443 1059 2520; x_wconf 76' lang='lat' dir='ltr'><strong>gentium</strong></span> <span class='ocrx_word' id='word_1_200' title='bbox 1076 2453 1252 2519; x_wconf 68' lang='lat' dir='ltr'><strong>temporum</strong></span> 
     </span>
     <span class='ocr_line' id='line_1_24' title="bbox 60 2538 1249 2618; baseline -0.001 -21"><span class='ocrx_word' id='word_1_201' title='bbox 60 2559 117 2614; x_wconf 89' lang='lat' dir='ltr'><strong>qne</strong></span> <span class='ocrx_word' id='word_1_202' title='bbox 134 2539 282 2596; x_wconf 84' lang='lat' dir='ltr'><strong>varietates</strong></span> <span class='ocrx_word' id='word_1_203' title='bbox 304 2548 333 2595; x_wconf 92' lang='lat' dir='ltr'><strong>et</strong></span> <span class='ocrx_word' id='word_1_204' title='bbox 357 2538 445 2603; x_wconf 87' lang='lat' dir='ltr'><strong>vices,</strong></span> <span class='ocrx_word' id='word_1_205' title='bbox 468 2538 711 2615; x_wconf 89' lang='lat' dir='ltr'><strong>sapientissimum</strong></span> <span class='ocrx_word' id='word_1_206' title='bbox 733 2541 956 2599; x_wconf 84' lang='lat' dir='ltr'><strong>erst&#39;cousilium</strong></span> <span class='ocrx_word' id='word_1_207' title='bbox 971 2554 1112 2618; x_wconf 84' lang='lat' dir='ltr'><strong>perpauca</strong></span> <span class='ocrx_word' id='word_1_208' title='bbox 1124 2549 1249 2597; x_wconf 82' lang='lat' dir='ltr'><strong>statuere</strong></span> 
     </span>
     <span class='ocr_line' id='line_1_25' title="bbox 60 2628 1253 2714; baseline -0.001 -18"><span class='ocrx_word' id='word_1_209' title='bbox 60 2656 124 2712; x_wconf 86' lang='lat' dir='ltr'><strong>quae</strong></span> <span class='ocrx_word' id='word_1_210' title='bbox 134 2638 295 2695; x_wconf 78' lang='lat' dir='ltr'><strong>varietatem</strong></span> <span class='ocrx_word' id='word_1_211' title='bbox 309 2648 367 2694; x_wconf 90' lang='lat' dir='ltr'><strong>non</strong></span> <span class='ocrx_word' id='word_1_212' title='bbox 381 2634 569 2711; x_wconf 77' lang='lat' dir='ltr'><strong>admitterent,</strong></span> <span class='ocrx_word' id='word_1_213' title='bbox 578 2646 607 2694; x_wconf 88' lang='lat' dir='ltr'><strong>et</strong></span> <span class='ocrx_word' id='word_1_214' title='bbox 620 2637 824 2714; x_wconf 84' lang='lat' dir='ltr'><strong>amplissImam</strong></span> <span class='ocrx_word' id='word_1_215' title='bbox 839 2628 931 2697; x_wconf 76' lang='lat' dir='ltr'><strong>lacere</strong></span> <span class='ocrx_word' id='word_1_216' title='bbox 946 2639 1101 2698; x_wconf 87' lang='lat' dir='ltr'><strong>rectoribus</strong></span> <span class='ocrx_word' id='word_1_217' title='bbox 1109 2648 1187 2711; x_wconf 77' lang='lat' dir='ltr'><strong>-qups</strong></span> <span class='ocrx_word' id='word_1_218' title='bbox 1201 2637 1253 2695; x_wconf 60' lang='lat' dir='ltr'><strong>aaa</strong></span> 
     </span>
     <span class='ocr_line' id='line_1_26' title="bbox 61 2733 1253 2818; baseline -0.003 -21"><span class='ocrx_word' id='word_1_219' title='bbox 61 2739 184 2818; x_wconf 82' lang='lat' dir='ltr'><strong>signavit</strong></span> <span class='ocrx_word' id='word_1_220' title='bbox 198 2736 356 2799; x_wconf 76' lang='lat' dir='ltr'><strong>facultatem</strong></span> <span class='ocrx_word' id='word_1_221' title='bbox 371 2747 474 2793; x_wconf 80' lang='lat' dir='ltr'><strong>cetera</strong></span> <span class='ocrx_word' id='word_1_222' title='bbox 486 2735 593 2803; x_wconf 90' lang='lat' dir='ltr'><strong>omnia,</strong></span> <span class='ocrx_word' id='word_1_223' title='bbox 608 2738 691 2813; x_wconf 86' lang='lat' dir='ltr'><strong>prout</strong></span> <span class='ocrx_word' id='word_1_224' title='bbox 705 2736 904 2802; x_wconf 86' lang='lat' dir='ltr'><strong>visum-fuerit,</strong></span> <span class='ocrx_word' id='word_1_225' title='bbox 914 2735 1065 2802; x_wconf 83' lang='lat' dir='ltr'><strong>statuendi,</strong></span> <span class='ocrx_word' id='word_1_226' title='bbox 1076 2733 1253 2802; x_wconf 74' lang='lat' dir='ltr'><strong>moderandi,</strong></span> 
     </span>
     <span class='ocr_line' id='line_1_27' title="bbox 60 2831 1257 2913; baseline -0.003 -19"><span class='ocrx_word' id='word_1_227' title='bbox 60 2847 89 2894; x_wconf 87' lang='lat' dir='ltr'><strong>et</strong></span> <span class='ocrx_word' id='word_1_228' title='bbox 105 2855 158 2913; x_wconf 92' lang='lat' dir='ltr'><strong>pro</strong></span> <span class='ocrx_word' id='word_1_229' title='bbox 172 2834 340 2892; x_wconf 84' lang='lat' dir='ltr'><strong>necessitate</strong></span> <span class='ocrx_word' id='word_1_230' title='bbox 355 2831 497 2890; x_wconf 85' lang='lat' dir='ltr'><strong>mutandi:</strong></span> <span class='ocrx_word' id='word_1_231' title='bbox 520 2833 562 2890; x_wconf 93' lang='lat' dir='ltr'><strong>sic</strong></span> <span class='ocrx_word' id='word_1_232' title='bbox 576 2833 653 2891; x_wconf 87' lang='lat' dir='ltr'><strong>e&#39;uim</strong></span> <span class='ocrx_word' id='word_1_233' title='bbox 667 2843 697 2891; x_wconf 89' lang='lat' dir='ltr'><strong>et</strong></span> <span class='ocrx_word' id='word_1_234' title='bbox 709 2835 837 2891; x_wconf 90' lang='lat' dir='ltr'><strong>omnium</strong></span> <span class='ocrx_word' id='word_1_235' title='bbox 854 2833 1000 2910; x_wconf 85' lang='lat' dir='ltr'><strong>provisum</strong></span> <span class='ocrx_word' id='word_1_236' title='bbox 1014 2842 1059 2898; x_wconf 82' lang='lat' dir='ltr'><strong>est</strong></span> <span class='ocrx_word' id='word_1_237' title='bbox 1072 2832 1188 2903; x_wconf 84' lang='lat' dir='ltr'><strong>utilitati</strong></span> <span class='ocrx_word' id='word_1_238' title='bbox 1198 2848 1214 2902; x_wconf 65' lang='grc' dir='ltr'><strong>ς·</strong></span> <span class='ocrx_word' id='word_1_239' title='bbox 1227 2841 1257 2895; x_wconf 85' lang='lat' dir='ltr'><strong>at</strong></span> 
     </span>
     <span class='ocr_line' id='line_1_28' title="bbox 60 2929 1174 3009; baseline -0.004 -18"><span class='ocrx_word' id='word_1_240' title='bbox 60 2934 159 2991; x_wconf 81' lang='lat' dir='ltr'><strong>unitati</strong></span> <span class='ocrx_word' id='word_1_241' title='bbox 174 2933 258 2989; x_wconf 86' lang='lat' dir='ltr'><strong>etiam</strong></span> <span class='ocrx_word' id='word_1_242' title='bbox 270 2930 299 2987; x_wconf 93' lang='lat' dir='ltr'><strong>in</strong></span> <span class='ocrx_word' id='word_1_243' title='bbox 314 2948 349 2986; x_wconf 89' lang='lat' dir='ltr'><strong>eo</strong></span> <span class='ocrx_word' id='word_1_244' title='bbox 363 2929 524 2988; x_wconf 86' lang='lat' dir='ltr'><strong>consultum</strong></span> <span class='ocrx_word' id='word_1_245' title='bbox 535 2938 588 2998; x_wconf 89' lang='lat' dir='ltr'><strong>est,</strong></span> <span class='ocrx_word' id='word_1_246' title='bbox 598 2929 676 3004; x_wconf 80' lang='lat' dir='ltr'><strong>quod</strong></span> <span class='ocrx_word' id='word_1_247' title='bbox 687 2930 826 3007; x_wconf 88' lang='lat' dir='ltr'><strong>judicium</strong></span> <span class='ocrx_word' id='word_1_248' title='bbox 839 2948 927 3009; x_wconf 83' lang='lat' dir='ltr'><strong>penes</strong></span> <span class='ocrx_word' id='word_1_249' title='bbox 942 2931 1080 3006; x_wconf 75' lang='lat' dir='ltr'><strong>praesules</strong></span> <span class='ocrx_word' id='word_1_250' title='bbox 1090 2929 1174 2987; x_wconf 83' lang='lat' dir='ltr'><strong>foret.</strong></span> 
     </span>
    </p>

    <p class='ocr_par' dir='ltr' id='par_1_7' title="bbox 59 3024 1281 3302">
     <span class='ocr_line' id='line_1_29' title="bbox 103 3024 1281 3108; baseline 0 -21"><span class='ocrx_word' id='word_1_251' title='bbox 103 3028 170 3108; x_wconf 72' lang='lat' dir='ltr'><strong>obj.</strong></span> <span class='ocrx_word' id='word_1_252' title='bbox 188 3033 215 3086; x_wconf 88' lang='lat' dir='ltr'><strong>l.</strong></span> <span class='ocrx_word' id='word_1_253' title='bbox 237 3024 398 3102; x_wconf 84' lang='lat' dir='ltr'><strong>Disciplina</strong></span> <span class='ocrx_word' id='word_1_254' title='bbox 419 3045 508 3103; x_wconf 86' lang='lat' dir='ltr'><strong>penes</strong></span> <span class='ocrx_word' id='word_1_255' title='bbox 523 3028 618 3104; x_wconf 90' lang='lat' dir='ltr'><strong>ipsum</strong></span> <span class='ocrx_word' id='word_1_256' title='bbox 633 3032 734 3087; x_wconf 77' lang='lat' dir='ltr'><strong>eastum</strong></span> <span class='ocrx_word' id='word_1_257' title='bbox 757 3028 884 3087; x_wconf 76' lang='lat' dir='ltr'><strong>fidelium</strong></span> <span class='ocrx_word' id='word_1_258' title='bbox 906 3039 959 3095; x_wconf 88' lang='lat' dir='ltr'><strong>est,</strong></span> <span class='ocrx_word' id='word_1_259' title='bbox 974 3028 1149 3101; x_wconf 78' lang='lat' dir='ltr'><strong>ubicumque</strong></span> <span class='ocrx_word' id='word_1_260' title='bbox 1170 3039 1257 3087; x_wconf 79' lang='lat' dir='ltr'><strong>terra·</strong></span> <span class='ocrx_word' id='word_1_261' title='bbox 1278 3026 1281 3035; x_wconf 82' lang='grc'><strong>’</strong></span> 
     </span>
     <span class='ocr_line' id='line_1_30' title="bbox 59 3114 1256 3204; baseline -0.002 -16"><span class='ocrx_word' id='word_1_262' title='bbox 59 3136 133 3197; x_wconf 72' lang='lat' dir='ltr'><strong>num,</strong></span> <span class='ocrx_word' id='word_1_263' title='bbox 148 3146 195 3185; x_wconf 84' lang='lat' dir='ltr'><strong>cur</strong></span> <span class='ocrx_word' id='word_1_264' title='bbox 186 3125 342 3182; x_wconf 88' lang='lat' dir='ltr'><strong>Christus</strong></span> <span class='ocrx_word' id='word_1_265' title='bbox 357 3140 471 3185; x_wconf 89' lang='lat' dir='ltr'><strong>omnem</strong></span> <span class='ocrx_word' id='word_1_266' title='bbox 486 3127 674 3185; x_wconf 84' lang='lat' dir='ltr'><strong>necessariam</strong></span> <span class='ocrx_word' id='word_1_267' title='bbox 690 3114 860 3204; x_wconf 83' lang='lat' dir='ltr'><strong>potestatem</strong></span> <span class='ocrx_word' id='word_1_268' title='bbox 868 3126 1000 3185; x_wconf 91' lang='lat' dir='ltr'><strong>contulit.</strong></span> <span class='ocrx_word' id='word_1_269' title='bbox 1016 3124 1101 3185; x_wconf 77' lang='lat' dir='ltr'><strong>Matr.</strong></span> <span class='ocrx_word' id='word_1_270' title='bbox 1113 3127 1197 3184; x_wconf 75' lang='lat' dir='ltr'><strong>xviii.</strong></span> <span class='ocrx_word' id='word_1_271' title='bbox 1209 3131 1256 3195; x_wconf 75' lang='lat' dir='ltr'><strong>tt,</strong></span> 
     </span>
     <span class='ocr_line' id='line_1_31' title="bbox 62 3207 1258 3335; baseline -0.004 -48"><span class='ocrx_word' id='word_1_272' title='bbox 62 3230 133 3287; x_wconf 85' lang='lat' dir='ltr'><strong>ts.</strong></span> <span class='ocrx_word' id='word_1_273' title='bbox 150 3221 251 3286; x_wconf 87' lang='lat' dir='ltr'><strong>lOor.</strong></span> <span class='ocrx_word' id='word_1_274' title='bbox 276 3240 302 3280; x_wconf 87' lang='grc' dir='ltr'><strong>ι.</strong></span> <span class='ocrx_word' id='word_1_275' title='bbox 328 3225 357 3290; x_wconf 77' lang='lat'><strong>4,</strong></span> <span class='ocrx_word' id='word_1_276' title='bbox 379 3225 408 3290; x_wconf 78' lang='lat' dir='ltr'><strong>b,</strong></span> <span class='ocrx_word' id='word_1_277' title='bbox 432 3224 478 3280; x_wconf 84' lang='grc'><strong>13.</strong></span> <span class='ocrx_word' id='word_1_278' title='bbox 519 3222 548 3280; x_wconf 92' lang='lat' dir='ltr'><strong>ll</strong></span> <span class='ocrx_word' id='word_1_279' title='bbox 570 3222 640 3281; x_wconf 85' lang='lat' dir='ltr'><strong>Gor</strong></span> <span class='ocrx_word' id='word_1_280' title='bbox 663 3226 744 3335; x_wconf 79' lang='lat' dir='ltr'><strong>2,ll.</strong></span> <span class='ocrx_word' id='word_1_281' title='bbox 766 3229 795 3289; x_wconf 84' lang='grc'>8</span> <span class='ocrx_word' id='word_1_282' title='bbox 837 3223 880 3283; x_wconf 87' lang='lat' dir='ltr'><strong>lta</strong></span> <span class='ocrx_word' id='word_1_283' title='bbox 898 3225 1088 3302; x_wconf 83' lang='lat' dir='ltr'><strong>Baptistasum</strong></span> <span class='ocrx_word' id='word_1_284' title='bbox 1111 3207 1258 3283; x_wconf 82' lang='lat' dir='ltr'><strong>consessio</strong></span> 
     </span>
    </p>

    <p class='ocr_par' dir='ltr' id='par_1_8' title="bbox 59 3323 1051 3386">
     <span class='ocr_line' id='line_1_32' title="bbox 59 3323 1051 3386; baseline -0.008 0"><span class='ocrx_word' id='word_1_285' title='bbox 59 3346 86 3386; x_wconf 87' lang='lat' dir='ltr'><strong>c.</strong></span> <span class='ocrx_word' id='word_1_286' title='bbox 102 3323 192 3385; x_wconf 83' lang='lat' dir='ltr'><strong>xxvii.</strong></span> <span class='ocrx_word' id='word_1_287' title='bbox 740 3356 742 3361; x_wconf 93' lang='lat'><em>·</em></span> <span class='ocrx_word' id='word_1_288' title='bbox 1022 3350 1051 3368; x_wconf 53' lang='grc' dir='ltr'><em>υ</em></span> 
     </span>
    </p>

    <p class='ocr_par' dir='ltr' id='par_1_9' title="bbox 98 3369 1253 3511">
     <span class='ocr_line' id='line_1_33' title="bbox 98 3369 1253 3511; baseline -0.003 -30"><span class='ocrx_word' id='word_1_289' title='bbox 98 3422 189 3501; x_wconf 84' lang='lat' dir='ltr'><strong>Resp.</strong></span> <span class='ocrx_word' id='word_1_290' title='bbox 211 3418 349 3479; x_wconf 85' lang='lat' dir='ltr'><strong>Rectores</strong></span> <span class='ocrx_word' id='word_1_291' title='bbox 363 3416 477 3511; x_wconf 90' lang='lat' dir='ltr'><strong>posuit</strong></span> <span class='ocrx_word' id='word_1_292' title='bbox 474 3408 613 3476; x_wconf 77' lang='lat' dir='ltr'><strong>Olirlstus</strong></span> <span class='ocrx_word' id='word_1_293' title='bbox 636 3419 741 3492; x_wconf 79' lang='lat' dir='ltr'><strong>quibus</strong></span> <span class='ocrx_word' id='word_1_294' title='bbox 763 3428 932 3496; x_wconf 88' lang='lat' dir='ltr'><strong>potestatem</strong></span> <span class='ocrx_word' id='word_1_295' title='bbox 958 3422 1079 3478; x_wconf 85' lang='lat' dir='ltr'><strong>omnem</strong></span> <span class='ocrx_word' id='word_1_296' title='bbox 1095 3369 1253 3496; x_wconf 71' lang='lat' dir='ltr'><strong>delegarit,</strong></span> 
     </span>
    </p>

    <p class='ocr_par' dir='ltr' id='par_1_10' title="bbox 59 3514 1261 3605">
     <span class='ocr_line' id='line_1_34' title="bbox 59 3514 1261 3605; baseline -0.001 -28"><span class='ocrx_word' id='word_1_297' title='bbox 59 3520 102 3578; x_wconf 87' lang='lat' dir='ltr'><strong>uti</strong></span> <span class='ocrx_word' id='word_1_298' title='bbox 116 3536 152 3576; x_wconf 84' lang='lat' dir='ltr'><strong>ex</strong></span> <span class='ocrx_word' id='word_1_299' title='bbox 167 3517 238 3597; x_wconf 82' lang='lat' dir='ltr'><strong>ipsis</strong></span> <span class='ocrx_word' id='word_1_300' title='bbox 261 3515 379 3592; x_wconf 72' lang='lat' dir='ltr'><strong>objectis</strong></span> <span class='ocrx_word' id='word_1_301' title='bbox 392 3514 464 3573; x_wconf 88' lang='lat' dir='ltr'><strong>locis</strong></span> <span class='ocrx_word' id='word_1_302' title='bbox 479 3518 598 3584; x_wconf 87' lang='lat' dir='ltr'><strong>constat,</strong></span> <span class='ocrx_word' id='word_1_303' title='bbox 617 3532 681 3605; x_wconf 87' lang='lat' dir='ltr'><strong>uam</strong></span> <span class='ocrx_word' id='word_1_304' title='bbox 697 3516 860 3593; x_wconf 74' lang='lat' dir='ltr'><strong>Apostolos</strong></span> <span class='ocrx_word' id='word_1_305' title='bbox 857 3518 1004 3575; x_wconf 82' lang='lat' dir='ltr'><strong>allocutus</strong></span> <span class='ocrx_word' id='word_1_306' title='bbox 1019 3526 1063 3574; x_wconf 87' lang='lat' dir='ltr'><strong>est</strong></span> <span class='ocrx_word' id='word_1_307' title='bbox 1082 3516 1160 3593; x_wconf 85' lang='lat' dir='ltr'><strong>apud</strong></span> <span class='ocrx_word' id='word_1_308' title='bbox 1181 3518 1261 3576; x_wconf 65' lang='lat' dir='ltr'><strong>Mat-¹</strong></span> 
     </span>
    </p>

    <p class='ocr_par' dir='ltr' id='par_1_11' title="bbox 60 3598 1258 3694">
     <span class='ocr_line' id='line_1_35' title="bbox 60 3598 1258 3694; baseline 0.003 -24"><span class='ocrx_word' id='word_1_309' title='bbox 60 3614 178 3680; x_wconf 75' lang='lat' dir='ltr'><strong>theom,</strong></span> <span class='ocrx_word' id='word_1_310' title='bbox 190 3612 341 3677; x_wconf 85' lang='lat' dir='ltr'><strong>etPaulus</strong></span> <span class='ocrx_word' id='word_1_311' title='bbox 357 3599 552 3688; x_wconf 87' lang='lat' dir='ltr'><strong>potestalem</strong></span> <span class='ocrx_word' id='word_1_312' title='bbox 544 3631 606 3688; x_wconf 81' lang='lat' dir='ltr'><strong>ipse</strong></span> <span class='ocrx_word' id='word_1_313' title='bbox 621 3598 756 3681; x_wconf 80' lang='lat' dir='ltr'><strong>exercuit,</strong></span> <span class='ocrx_word' id='word_1_314' title='bbox 772 3614 886 3672; x_wconf 88' lang='lat' dir='ltr'><strong>nemin&#39;c</strong></span> <span class='ocrx_word' id='word_1_315' title='bbox 907 3614 962 3672; x_wconf 89' lang='lat' dir='ltr'><strong>sibi</strong></span> <span class='ocrx_word' id='word_1_316' title='bbox 974 3610 1148 3682; x_wconf 79' lang='lat' dir='ltr'><strong>assidente,</strong></span> <span class='ocrx_word' id='word_1_317' title='bbox 1157 3620 1258 3694; x_wconf 71' lang='lat' dir='ltr'><strong>qusin-</strong></span> 
     </span>
    </p>

    <p class='ocr_par' dir='ltr' id='par_1_12' title="bbox 55 3706 1255 3787">
     <span class='ocr_line' id='line_1_36' title="bbox 55 3706 1255 3787; baseline 0.005 -24"><span class='ocrx_word' id='word_1_318' title='bbox 55 3709 109 3768; x_wconf 77' lang='grc' dir='ltr'><strong>,ιιι</strong></span> <span class='ocrx_word' id='word_1_319' title='bbox 124 3708 257 3785; x_wconf 89' lang='lat' dir='ltr'><strong>spiritu</strong></span> <span class='ocrx_word' id='word_1_320' title='bbox 241 3707 329 3766; x_wconf 86' lang='lat' dir='ltr'><strong>veluti</strong></span> <span class='ocrx_word' id='word_1_321' title='bbox 344 3707 457 3765; x_wconf 84' lang='lat' dir='ltr'><strong>adscitis</strong></span> <span class='ocrx_word' id='word_1_322' title='bbox 473 3706 642 3777; x_wconf 83' lang='lat' dir='ltr'><strong>Corinthiis,</strong></span> <span class='ocrx_word' id='word_1_323' title='bbox 658 3714 777 3781; x_wconf 79' lang='lat' dir='ltr'><strong>quornm</strong></span> <span class='ocrx_word' id='word_1_324' title='bbox 799 3729 911 3768; x_wconf 87' lang='lat' dir='ltr'><strong>causam</strong></span> <span class='ocrx_word' id='word_1_325' title='bbox 928 3710 1042 3787; x_wconf 84' lang='lat' dir='ltr'><strong>agebat,</strong></span> <span class='ocrx_word' id='word_1_326' title='bbox 1058 3710 1255 3769; x_wconf 76' lang='lat' dir='ltr'><strong>incestuosum</strong></span> 
     </span>
    </p>

    <p class='ocr_par' dir='ltr' id='par_1_13' title="bbox 4 3796 1256 4076">
     <span class='ocr_line' id='line_1_37' title="bbox 4 3796 1256 3894; baseline 0.002 -30"><span class='ocrx_word' id='word_1_327' title='bbox 4 3804 6 3808; x_wconf 73' lang='grc'><strong>’</strong></span> <span class='ocrx_word' id='word_1_328' title='bbox 59 3804 229 3885; x_wconf 82' lang='lat' dir='ltr'><strong>plectend03</strong></span> <span class='ocrx_word' id='word_1_329' title='bbox 252 3824 304 3864; x_wconf 90' lang='lat' dir='ltr'><strong>nec</strong></span> <span class='ocrx_word' id='word_1_330' title='bbox 319 3804 375 3862; x_wconf 90' lang='lat' dir='ltr'><strong>nisi</strong></span> <span class='ocrx_word' id='word_1_331' title='bbox 389 3822 425 3862; x_wconf 89' lang='lat' dir='ltr'><strong>eo</strong></span> <span class='ocrx_word' id='word_1_332' title='bbox 439 3802 602 3894; x_wconf 84' lang='lat' dir='ltr'><strong>indulgente</strong></span> <span class='ocrx_word' id='word_1_333' title='bbox 617 3822 681 3862; x_wconf 90' lang='lat' dir='ltr'><strong>reus</strong></span> <span class='ocrx_word' id='word_1_334' title='bbox 696 3805 810 3865; x_wconf 78' lang='lat' dir='ltr'><strong>fraterni</strong></span> <span class='ocrx_word' id='word_1_335' title='bbox 819 3796 959 3865; x_wconf 85' lang='lat' dir='ltr'><strong>consortii</strong></span> <span class='ocrx_word' id='word_1_336' title='bbox 969 3807 1081 3883; x_wconf 72' lang='lat' dir='ltr'><strong>juribus</strong></span> <span class='ocrx_word' id='word_1_337' title='bbox 1093 3817 1140 3865; x_wconf 83' lang='lat' dir='ltr'><strong>ast</strong></span> <span class='ocrx_word' id='word_1_338' title='bbox 1152 3807 1256 3867; x_wconf 79' lang='lat' dir='ltr'><strong>iterum</strong></span> 
     </span>
     <span class='ocr_line' id='line_1_38' title="bbox 60 3888 1254 3979; baseline 0.002 -18"><span class='ocrx_word' id='word_1_339' title='bbox 60 3903 189 3961; x_wconf 87' lang='lat' dir='ltr'><strong>donatus.</strong></span> <span class='ocrx_word' id='word_1_340' title='bbox 232 3902 314 3959; x_wconf 91' lang='lat' dir='ltr'><strong>Nihil</strong></span> <span class='ocrx_word' id='word_1_341' title='bbox 328 3914 403 3971; x_wconf 87' lang='lat' dir='ltr'><strong>certe</strong></span> <span class='ocrx_word' id='word_1_342' title='bbox 418 3921 454 3959; x_wconf 81' lang='lat' dir='ltr'><strong>ex</strong></span> <span class='ocrx_word' id='word_1_343' title='bbox 470 3903 524 3959; x_wconf 92' lang='lat' dir='ltr'><strong>illis</strong></span> <span class='ocrx_word' id='word_1_344' title='bbox 535 3888 604 3960; x_wconf 88' lang='lat' dir='ltr'><strong>locis</strong></span> <span class='ocrx_word' id='word_1_345' title='bbox 620 3893 761 3979; x_wconf 87' lang='lat' dir='ltr'><strong>colligitur</strong></span> <span class='ocrx_word' id='word_1_346' title='bbox 775 3923 832 3975; x_wconf 88' lang='lat' dir='ltr'><strong>quo</strong></span> <span class='ocrx_word' id='word_1_347' title='bbox 847 3918 946 3962; x_wconf 86' lang='lat' dir='ltr'><strong>caetum</strong></span> <span class='ocrx_word' id='word_1_348' title='bbox 961 3896 1086 3961; x_wconf 84' lang='lat' dir='ltr'><strong>fidelium</strong></span> <span class='ocrx_word' id='word_1_349' title='bbox 1101 3923 1155 3962; x_wconf 85' lang='lat' dir='ltr'><strong>sua</strong></span> <span class='ocrx_word' id='word_1_350' title='bbox 1167 3904 1254 3965; x_wconf 89' lang='lat' dir='ltr'><strong>veluti</strong></span> 
     </span>
     <span class='ocr_line' id='line_1_39' title="bbox 59 3980 1150 4076; baseline 0 -18"><span class='ocrx_word' id='word_1_351' title='bbox 59 3997 221 4058; x_wconf 87' lang='lat' dir='ltr'><strong>auctoritate</strong></span> <span class='ocrx_word' id='word_1_352' title='bbox 237 3997 366 4068; x_wconf 87' lang='lat' dir='ltr'><strong>aliquid</strong></span> <span class='ocrx_word' id='word_1_353' title='bbox 360 4016 389 4055; x_wconf 91' lang='grc' dir='ltr'><strong>ιιι</strong></span> <span class='ocrx_word' id='word_1_354' title='bbox 405 3998 553 4073; x_wconf 87' lang='lat' dir='ltr'><strong>disciplina</strong></span> <span class='ocrx_word' id='word_1_355' title='bbox 566 4010 687 4055; x_wconf 87' lang='lat' dir='ltr'><strong>statuere</strong></span> <span class='ocrx_word' id='word_1_356' title='bbox 704 4000 746 4056; x_wconf 87' lang='lat' dir='ltr'><strong>vel</strong></span> <span class='ocrx_word' id='word_1_357' title='bbox 761 4001 858 4070; x_wconf 78' lang='lat' dir='ltr'><strong>tollere</strong></span> <span class='ocrx_word' id='word_1_358' title='bbox 873 4020 960 4076; x_wconf 90' lang='lat' dir='ltr'><strong>posse</strong></span> <span class='ocrx_word' id='word_1_359' title='bbox 970 3980 1150 4059; x_wconf 82' lang='lat' dir='ltr'><strong>conficiatur.</strong></span> 
     </span>
    </p>

    <p class='ocr_par' dir='ltr' id='par_1_14' title="bbox 37 4092 1279 4366">
     <span class='ocr_line' id='line_1_40' title="bbox 37 4092 1253 4174; baseline 0.005 -23"><span class='ocrx_word' id='word_1_360' title='bbox 37 4096 41 4101; x_wconf 82' lang='grc'><strong>’</strong></span> <span class='ocrx_word' id='word_1_361' title='bbox 103 4093 169 4173; x_wconf 77' lang='lat' dir='ltr'><strong>obj</strong></span> <span class='ocrx_word' id='word_1_362' title='bbox 185 4098 215 4150; x_wconf 75' lang='lat'><strong>2.</strong></span> <span class='ocrx_word' id='word_1_363' title='bbox 238 4092 411 4168; x_wconf 88' lang='lat' dir='ltr'><strong>lps1Pntres</strong></span> <span class='ocrx_word' id='word_1_364' title='bbox 428 4096 567 4153; x_wconf 77' lang='lat' dir='ltr'><strong>Ecclesia&gt;</strong></span> <span class='ocrx_word' id='word_1_365' title='bbox 584 4096 682 4153; x_wconf 89' lang='lat' dir='ltr'><strong>claves</strong></span> <span class='ocrx_word' id='word_1_366' title='bbox 703 4096 782 4154; x_wconf 89' lang='lat' dir='ltr'><strong>datas</strong></span> <span class='ocrx_word' id='word_1_367' title='bbox 803 4097 926 4164; x_wconf 89' lang='lat' dir='ltr'><strong>tradunt,</strong></span> <span class='ocrx_word' id='word_1_368' title='bbox 951 4097 1109 4174; x_wconf 78' lang='lat' dir='ltr'><strong>Augustino</strong></span> <span class='ocrx_word' id='word_1_369' title='bbox 1130 4097 1253 4167; x_wconf 83' lang='lat' dir='ltr'><strong>dicente,</strong></span> 
     </span>
     <span class='ocr_line' id='line_1_41' title="bbox 59 4188 1279 4270; baseline -0.001 -17"><span class='ocrx_word' id='word_1_370' title='bbox 59 4194 176 4254; x_wconf 87' lang='lat' dir='ltr'><strong>Petrum</strong></span> <span class='ocrx_word' id='word_1_371' title='bbox 190 4188 284 4245; x_wconf 85' lang='lat' dir='ltr'><strong>claves</strong></span> <span class='ocrx_word' id='word_1_372' title='bbox 299 4189 365 4247; x_wconf 92' lang='lat' dir='ltr'><strong>dum</strong></span> <span class='ocrx_word' id='word_1_373' title='bbox 379 4193 520 4268; x_wconf 87' lang='lat' dir='ltr'><strong>acciperet</strong></span> <span class='ocrx_word' id='word_1_374' title='bbox 534 4192 695 4250; x_wconf 87' lang='lat' dir='ltr'><strong>Ecclesiam</strong></span> <span class='ocrx_word' id='word_1_375' title='bbox 711 4205 937 4270; x_wconf 84' lang='lat' dir='ltr'><strong>repraesentasse</strong></span> <span class='ocrx_word' id='word_1_376' title='bbox 974 4193 1107 4250; x_wconf 84' lang='lat' dir='ltr'><strong>Christus</strong></span> <span class='ocrx_word' id='word_1_377' title='bbox 1123 4192 1254 4252; x_wconf 88' lang='lat' dir='ltr'><strong>etiamad</strong></span> <span class='ocrx_word' id='word_1_378' title='bbox 1277 4264 1279 4269; x_wconf 21' lang='grc' dir='ltr'>Ι</span> 
     </span>
     <span class='ocr_line' id='line_1_42' title="bbox 60 4283 681 4366; baseline -0.005 -17"><span class='ocrx_word' id='word_1_379' title='bbox 60 4287 221 4348; x_wconf 87' lang='lat' dir='ltr'><strong>Ecclesiam</strong></span> <span class='ocrx_word' id='word_1_380' title='bbox 237 4283 393 4343; x_wconf 91' lang='lat' dir='ltr'><strong>discordias</strong></span> <span class='ocrx_word' id='word_1_381' title='bbox 409 4288 594 4347; x_wconf 80' lang='lat' dir='ltr'><strong>reiciendas</strong></span> <span class='ocrx_word' id='word_1_382' title='bbox 583 4289 681 4366; x_wconf 87' lang='lat' dir='ltr'><strong>Jussit.</strong></span> 
     </span>
    </p>

    <p class='ocr_par' dir='ltr' id='par_1_15' title="bbox 99 4360 1252 4464">
     <span class='ocr_line' id='line_1_43' title="bbox 99 4360 1252 4464; baseline 0.002 -22"><span class='ocrx_word' id='word_1_383' title='bbox 99 4385 187 4462; x_wconf 78' lang='lat' dir='ltr'><strong>Reap.</strong></span> <span class='ocrx_word' id='word_1_384' title='bbox 203 4383 335 4441; x_wconf 87' lang='lat' dir='ltr'><strong>Potestas</strong></span> <span class='ocrx_word' id='word_1_385' title='bbox 348 4383 570 4443; x_wconf 85' lang='lat' dir='ltr'><strong>Ecclesiastica&#39;</strong></span> <span class='ocrx_word' id='word_1_386' title='bbox 563 4405 593 4444; x_wconf 90' lang='lat' dir='ltr'><strong>m</strong></span> <span class='ocrx_word' id='word_1_387' title='bbox 607 4387 691 4444; x_wconf 88' lang='lat' dir='ltr'><strong>rebus</strong></span> <span class='ocrx_word' id='word_1_388' title='bbox 705 4406 791 4464; x_wconf 86' lang='lat' dir='ltr'><strong>snpra</strong></span> <span class='ocrx_word' id='word_1_389' title='bbox 805 4397 931 4445; x_wconf 85' lang='lat' dir='ltr'><strong>naturam</strong></span> <span class='ocrx_word' id='word_1_390' title='bbox 948 4397 1083 4457; x_wconf 87' lang='lat' dir='ltr'><strong>versatur,</strong></span> <span class='ocrx_word' id='word_1_391' title='bbox 1089 4360 1222 4462; x_wconf 85' lang='lat' dir='ltr'><strong>ideoque</strong></span> <span class='ocrx_word' id='word_1_392' title='bbox 1236 4407 1252 4444; x_wconf 91' lang='lat' dir='ltr'><strong>a</strong></span> 
     </span>
    </p>
   </div>
   <div class='ocr_carea' id='block_1_3' title="bbox 326 4544 926 4639">
    <p class='ocr_par' dir='ltr' id='par_1_16' title="bbox 326 4544 926 4639">
     <span class='ocr_line' id='line_1_44' title="bbox 326 4544 926 4639; baseline 0.007 -32"><span class='ocrx_word' id='word_1_393' title='bbox 326 4559 361 4621; x_wconf 82' lang='lat' dir='ltr'><strong>(l)</strong></span> <span class='ocrx_word' id='word_1_394' title='bbox 374 4559 436 4608; x_wconf 75' lang='lat' dir='ltr'><strong>lide</strong></span> <span class='ocrx_word' id='word_1_395' title='bbox 448 4563 568 4627; x_wconf 65' lang='lat' dir='ltr'><strong>opusluu</strong></span> <span class='ocrx_word' id='word_1_396' title='bbox 583 4544 709 4639; x_wconf 81' lang='lat' dir='ltr'><strong>laudatum</strong></span> <span class='ocrx_word' id='word_1_397' title='bbox 721 4563 795 4623; x_wconf 81' lang='lat' dir='ltr'><strong>Cute,</strong></span> <span class='ocrx_word' id='word_1_398' title='bbox 807 4581 828 4628; x_wconf 91' lang='lat' dir='ltr'><strong>p.</strong></span> <span class='ocrx_word' id='word_1_399' title='bbox 841 4565 884 4613; x_wconf 88' lang='lat' dir='ltr'><strong>l.c</strong></span> <span class='ocrx_word' id='word_1_400' title='bbox 903 4580 926 4612; x_wconf 84' lang='lat' dir='ltr'><strong>x.</strong></span> 
     </span>
    </p>
   </div>
   <div class='ocr_carea' id='block_1_4' title="bbox 0 0 1374 5032">
    <p class='ocr_par' dir='ltr' id='par_1_17' title="bbox 0 0 1374 5032">
     <span class='ocr_line' id='line_1_45' title="bbox 0 0 1374 5032; baseline 0 1"><span class='ocrx_word' id='word_1_401' title='bbox 0 0 1374 5032; x_wconf 95' lang='lat' dir='ltr'><strong> </strong></span> 
     </span>
    </p>
   </div>
  </div>
 </body>
</html>
