2738 5032
522 252 578 315 DE
599 250 869 316 summouit.
1228 255 1287 313 m

89 424 223 472 ornnem
234 409 270 472 de
282 408 412 477 down·
423 412 643 487 muorersiam
656 410 751 471 dirimi
764 410 834 483 vult,
848 430 934 487 quam
953 421 1047 473 tamen
1067 409 1207 491 appellare
1227 427 1287 470 non

92 507 213 579 debuit,
228 512 253 568 si
267 511 413 589 scripturis
426 528 523 589 per-se
536 512 617 569 clare
633 511 724 569 forent
737 520 766 568 et
782 510 1008 586 interpretatione
1021 512 1099 570 nulla
1117 510 1285 587 indigerent.

51 652 54 657 .
93 613 120 642 ‘⁸
134 605 214 670 Hec
226 605 387 685 (Ecclesia)
399 618 444 667 est
455 609 533 667 enim
547 609 610 666 vite
625 608 764 674 introitus,
779 626 879 665 omnes
900 620 993 665 autem
1006 608 1106 680 reliqui
1127 607 1202 665 iures
1219 613 1286 679 sunt

97 712 129 760 et
142 703 282 774 latrones,
297 714 412 782 propter
425 686 502 778 quod
514 714 625 782 oportet
635 705 757 763 devitare
782 703 895 778 quidem
918 703 998 762 illos:
1024 721 1086 777 que
1105 714 1198 762 autem
1220 710 1286 760 sunt

96 797 245 857 Ecclesiae
260 819 325 858 cum
339 820 451 860 summa
464 801 610 878 diligentia
629 801 757 878 diligere,
777 812 805 859 et
824 799 1033 877 apprehendere
1054 800 1177 857 veritatis
1202 797 1285 857 tradi·

99 895 223 956 tionem.
264 898 341 966 Quid
355 900 450 957 enimi
465 910 493 958 et
506 899 532 957 si
545 901 647 974 quibus
661 899 696 957 de
711 898 805 972 aliqua
820 898 931 957 modica
944 898 1099 972 questione
1113 897 1281 975 disceptatio

100 1003 190 1061 esset,
214 1013 308 1053 nonae
333 1007 474 1073 oporteret
497 997 527 1055 in
549 997 759 1073 antiquissimas
779 1014 920 1055 recurrere
945 995 1102 1062 Ecclesiae,
1127 995 1157 1053 in
1180 996 1283 1069 quibus

104 1089 237 1167 Apostoli
257 1094 414 1153 conversati
434 1103 553 1162 suntet
572 1094 606 1152 ab
626 1095 668 1152 eis
689 1095 725 1153 do
744 1095 876 1172 presenti
896 1093 1052 1168 questione
1070 1111 1183 1151 sumere
1207 1092 1285 1167 quod

104 1196 213 1246 certum
226 1198 256 1246 et
268 1207 297 1248 re
310 1189 451 1263 liquidum
464 1191 528 1248 esti
568 1190 644 1263 Quid
658 1202 751 1250 autem
765 1192 789 1249 si
810 1209 904 1265 neque
917 1190 1047 1267 Apostoli
1061 1188 1176 1263 quidem
1195 1189 1283 1267 scrip·

104 1289 181 1341 tures
193 1283 374 1358 reliquissent
387 1287 479 1355 nobis,
494 1305 588 1346 nonne
602 1290 747 1365 oportebat
767 1287 895 1349 ordinem
911 1287 997 1361 ¹sequi
1017 1285 1183 1353 traditionis,
1196 1304 1283 1358 quam

104 1376 275 1441 tradiderunt
287 1383 324 1440 iis
338 1385 440 1456 quibus
454 1385 665 1444 committebant
678 1386 844 1445 Ecclesiae?
873 1385 931 1453 Oui
944 1383 1112 1443 ordinationi
1126 1382 1284 1442 ascendunt

104 1478 199 1539 multu
212 1490 311 1557 gentes
325 1482 515 1553 barbarorum,
529 1500 650 1556 quorum
664 1484 713 1557 qui
726 1484 757 1544 in
768 1482 916 1542 Christum
929 1482 1045 1543 credunt
1058 1482 1120 1541 sine
1141 1480 1235 1540 charta
1254 1489 1285 1539 et

102 1584 266 1646 atramento,
282 1579 417 1656 scriptam
431 1580 567 1639 habentes
589 1581 792 1658 perspiritum
812 1580 843 1639 in
865 1579 996 1639 cordibus
1015 1581 1075 1639 suis
1100 1579 1230 1647 salutern,
1254 1586 1284 1637 et

100 1670 224 1734 veterem
248 1675 426 1737 traditionem
444 1674 598 1755 diligenter
622 1676 822 1745 custodientes,
844 1677 874 1736 in
900 1695 990 1735 unum
1014 1666 1120 1737 Deum¹
1133 1674 1281 1735 credentes

46 1820 48 1825 .
100 1767 293 1830 fabricatorem
307 1773 370 1830 celi
382 1782 412 1831 et
424 1783 514 1844 terre,
529 1784 557 1832 et
569 1767 698 1835 omniurn
710 1788 772 1847 que
786 1774 816 1832 ιιι
825 1771 867 1831 eis
876 1781 951 1840 sunt,
960 1791 1011 1849 per
1019 1771 1166 1832 Christum
1180 1772 1282 1833 lesum

99 1862 156 1923 Dei
171 1866 324 1928 Filium.”1
362 1869 458 1937 Quum
479 1871 604 1929 heretici
624 1871 667 1929 illi
690 1866 828 1929 occultam
848 1868 1022 1945 perfectioris
1044 1868 1177 1927 doctrine
1199 1867 1282 1928 tradi·

99 1960 206 2021 tionem
220 1963 382 2040 allegarent,
395 1985 440 2024 res
454 1968 613 2043 postulabat
620 1977 651 2027 ιιι
664 1967 788 2031 ireneus
797 1974 934 2024 assereret
941 1963 1013 2023 nihil
1022 1963 1193 2023 credendum
1203 1964 1282 2038 quod

97 2050 239 2132 scriptum
258 2077 316 2118 non
331 2070 399 2130 erat,
414 2071 442 2119 et
455 2064 634 2145 seriptaipsa
648 2064 710 2122 sola
721 2082 785 2121 esse
799 2060 974 2130 attendenda,
989 2061 1066 2119 nulla
1076 2060 1281 2137 cujuscumque

96 2152 257 2211 traditionis
271 2153 365 2213 habita
372 2156 496 2219 'ratione
508 2162 518 2191 “·
536 2158 604 2215 Non
627 2159 665 2215 ita
685 2169 778 2218 antem
802 2157 997 2226 sanctissimus
1018 2156 1086 2215 fidei
1099 2155 1215 2224 vindex,
1229 2155 1282 2217 sed

95 2248 190 2324 ipsam
205 2249 344 2315 occultam
358 2250 535 2311 traditionem
547 2253 620 2331 salso
632 2252 779 2328 allegatam
794 2252 907 2328 publiea
920 2253 1068 2311 traditione
1080 2255 1165 2312 totius
1179 2253 1281 2313 Eccle-

96 2344 149 2401 sie
163 2345 271 2413 revicit,
286 2346 416 2420 hancque
429 2347 460 2407 ιιι
473 2349 552 2406 omui
566 2347 722 2421 questione
736 2347 934 2421 attendendam
947 2347 1028 2417 dixit,
1040 2348 1111 2408 adeo
1122 2360 1162 2419 ιιι,
1184 2350 1280 2430 Scrip-

95 2440 167 2498 turis
182 2439 387 2515 deficientibus,
402 2442 534 2502 omnibus
548 2444 584 2502 ad
597 2446 711 2521 plenam
723 2444 765 2504 rei
786 2443 956 2505 Christiane
976 2446 1105 2507 notrtram
1113 2447 1180 2507 sola
1193 2447 1280 2507 suile·

95 2538 215 2625 cissos,
213 2539 287 2599 siout
306 2559 406 2618 reapse
425 2541 539 2603 suffecit
557 2543 654 2602 multis
674 2544 804 2621 gentibus
824 2543 923 2611 litteris
949 2544 1026 2604 haud
1052 2546 1182 2606 excultis
1223 2546 1280 2606 Est

94 2634 182 2712 igitur
196 2635 308 2731 traditio
327 2638 450 2696 veritatis
471 2637 615 2770 magistra,
637 2642 838 2717 scripturarum
857 2641 1006 2755 interpres,
1026 2641 1229 2710 vadimonium,
1250 2652 1280 2701 et

92 2741 199 2792 custos.
769 2782 775 2787 .

134 2828 279 2889 Casurus
292 2831 533 2895 immaurus
542 2831 577 2890 de
597 2831 738 2890 hereticis
752 2792 886 2906 queritur,
901 2851 950 2905 qur
942 2831 1082 2909 glorie
1075 2809 1167 2901 manis
1181 2834 1278 2895 studio

93 2898 219 2984 humana
232 2936 393 2986 commenta
401 2927 509 2985 drvrne
518 2926 660 2990 traditioni
670 2928 705 2988 ab
699 2927 862 3009 Apostolis
873 2938 901 2985 et
909 2927 1050 3007 maglstrrs
1064 2928 1131 2988 fidei
1145 2928 1278 2991 derivate

94 3023 253 3103 objiciunt:
274 3026 339 3083 sura
325 3000 514 3105 ιιιιριιιιιιιι
544 2998 817 3086 Gnostioumautem
830 3025 925 3084 laudat
937 3026 1158 3088 scientiesacre
1170 3029 1279 3090 studio·

72 3120 168 3189 eum,
189 3123 248 3196 qui,
264 3123 331 3181 huic
351 3123 504 3194 inherens,
521 3116 703 3202 Scripturas
691 3134 774 3201 Juxta
793 3124 987 3202 Apostohcam
1001 3132 1029 3184 et
1042 3125 1276 3190 Ecclesiasticus

89 3237 220 3278 normam
234 3220 459 3298 interpretatur?
452 3243 474 3277 ιι
496 3233 586 3286 torm
597 3239 763 3294 rorcqqpasor
784 3239 839 3286 ταις
859 3237 963 3294 γριφιιι,
987 3239 1032 3294 cop
1053 3230 1208 3295 Αιιοςοιιιιηι
1230 3247 1277 3280 και

89 3322 285 3389 Ειιιλησιιιςιιιην
297 3316 377 3382 soler
389 3320 526 3389 ὂρὲοιομιιιν
537 3336 585 3375 των
596 3323 751 3411 ὃογιιιιιιωι..
734 3324 745 3358 ²

130 3410 309 3474 Ohraauns'
301 3425 374 3473 inter
387 3414 531 3474 discordes
546 3404 698 3474 sententias
719 3425 867 3490 sectasque
887 3399 1117 3475 Ecclesiasticam
1138 3414 1276 3493 predica·

89 3507 196 3568 tionem
210 3510 335 3588 regulam
350 3521 455 3571 certam
468 3511 606 3588 adsignat.
647 3511 746 3569 “Cum
760 3512 841 3571 multi
854 3512 912 3570 sint
924 3513 974 3585 qui
995 3529 1027 3569 se
1048 3521 1147 3597 putant
1166 3512 1275 3572 sentire

87 3592 153 3681 que
169 3606 278 3667 Christi
291 3619 367 3678 suat,
382 3620 411 3668 et
423 3602 551 3668 nonnulli
571 3627 668 3668 eorum
683 3607 793 3667 diversa
806 3629 822 3666 a
833 3609 976 3717 prioribus
998 3609 1130 3677 sentiant,
1145 3621 1275 3672 servetur
1345 3604 1349 3613 ’

85 3801 198 3872 tradita,
213 3813 243 3863 et
254 3823 345 3880 usque
360 3805 395 3863 ad
408 3823 532 3882 presens
547 3805 577 3863 in
590 3804 737 3863 Ecclesiis-
743 3822 930 3880 permanens:
945 3804 993 3863 illa
1004 3802 1065 3862 sola
1075 3804 1212 3865 credenda
1225 3817 1276 3866 est.

83 3900 200 3971 verius,
216 3919 279 3976 que
292 3902 323 3960 in
335 3902 413 3961 nullo
427 3902 462 3960 ab
476 3888 719 3961 Ecclesiastioa'et
731 3900 896 3978 Apostolica
910 3899 1050 3959 discordat
1070 3900 1270 3963 tradrtione.'’¹

125 3999 270 4058 Eusebius
285 3996 519 4057 (ιιιιιιιιιιιιιιιι6
523 3996 614 4056 ‘Hec
627 4004 694 4056 sunt
705 3997 824 4071 illaque
832 3996 953 4055 breviter
963 3995 1296 4085 Galatisiproponimuffi

81 4095 297 4163 consideranda,
312 4114 349 4153 ex
363 4094 431 4152 illa'
424 4114 487 4170 ipsa
500 4095 535 4153 ad
550 4095 664 4154 Galatas
677 4096 797 4173 epistola
810 4095 925 4163 Paulis
918 4114 947 4154 ιιι
970 4112 1026 4167 qua
1049 4095 1115 4153 fidei
1137 4095 1271 4154 salutaris

80 4193 133 4252 illa
153 4185 276 4270 mystica
295 4191 452 4250 continetur
465 4192 647 4267 regeneratio,
661 4191 689 4248 in
704 4192 820 4250 nomine
835 4191 936 4259 Patris,
951 4196 982 4250 et
997 4191 1078 4261 Filii,
1093 4201 1121 4249 et
1140 4190 1269 4267 Spiritus

82 4290 193 4349 Sancti.
234 4289 305 4357 Que
319 4296 504 4365 preterquam
518 4287 593 4361 quod
607 4289 664 4345 sint
681 4280 780 4349 litteris
795 4287 899 4346 divinis
914 4276 1086 4401 copsignrata,
1100 4295 1173 4347 sunt
1178 4287 1269 4344 etiarn

406 4479 553 4542 (1)1..v11.
563 4479 677 4532 Stromat.
688 4480 708 4542 ι.
719 4482 767 4533 ιιι.
775 4499 798 4549 p.
806 4481 861 4532 534.

407 4561 443 4626 (2)
453 4562 524 4614 Prel·
534 4570 596 4633 Περι
606 4585 684 4634 cogor
696 4578 721 4614 n.
732 4561 758 4612 2.
