2738 5032
96 231 153 287 loo
493 231 548 291 DE
569 230 678 293 SEDE
700 230 885 291 Romans.

93 384 257 465 Episcopus
271 386 368 456 adsuit,
383 406 475 461 nsque
495 408 667 463 quemquam
687 389 742 462 qni·
756 389 820 466 ejus
840 388 934 446 locum
956 385 1109 464 suppleret,
1123 402 1161 442 eo
1182 383 1281 443 misit:

91 502 156 541 cum
180 484 277 556 utique
301 484 519 544 Ecclesiasticus
544 505 634 545 canon
659 487 767 564 jubeat,
790 504 848 543 non
871 495 1001 560 oportere
1025 483 1131 555 absquo
1155 481 1281 541 Romani

91 579 232 657 Episcopi
246 581 383 639 sententia
397 579 507 641 decreta
527 582 669 641 Ecclesiis
689 581 844 641 sancire.'’²
884 582 938 641 Eis
958 581 1105 659 prefuisse
1126 579 1279 656 pontifices

90 675 190 734 saltem
205 694 256 754 per
268 677 386 754 legatos,
397 680 457 752 qui,
468 680 521 737 etsi
534 679 685 752 aliquando
699 679 845 757 simplices
860 679 952 739 forent
963 677 1136 744 sacerdotes,
1152 676 1199 735 vel
1209 677 1280 735 inie-

90 772 172 830 rioris
186 772 304 841 ordinis,
321 786 384 832 ante
399 776 569 853 patriarchas
582 775 792 835 Antiochenum
807 785 835 833 et
849 773 1090 834 Alexandrianum
1104 774 1280 850 subscripse·

89 878 164 935 runt,
187 886 224 927 ex
248 871 317 928 actis
342 882 459 929 constat
501 871 688 930 Confirmatio
713 882 805 929 autern
831 871 1007 929 decretorum
1030 871 1149 942 quesita
1173 881 1228 938 est,
1250 880 1279 928 st

89 966 192 1023 tributa
205 966 251 1024 vel
263 966 409 1044 denegata,
424 979 508 1045 prout
520 986 536 1026 e
551 987 580 1026 rs
595 968 734 1026 Ecclesia
755 986 819 1027 esse
839 967 992 1026 videbatur.
1035 965 1108 1024 Herc
1122 978 1199 1024 certe
1213 977 1278 1025 aunt

90 1064 226 1141 primatus
240 1065 471 1142 splendidissima
486 1066 665 1124 documenta.

130 1159 215 1218 Prob.
231 1165 260 1218 t.
281 1160 483 1240 [imperpetuo
494 1161 652 1220 Primatus
663 1162 801 1231 exercitio
814 1161 920 1239 ubique
929 1178 985 1239 per
995 1168 1088 1219 totam
1100 1157 1278 1221 Ecclesium.

89 1259 121 1318 S.
133 1259 269 1319 Clemens
280 1260 304 1319 1.
317 1260 431 1338 scripsit
444 1260 479 1318 ad
491 1259 656 1323 Corinthios
671 1261 882 1336 potentissimas
894 1256 1013 1324 litteras,
1024 1268 1143 1316 testame
1156 1258 1276 1328 irenaeo,

88 1368 120 1415 ut
132 1376 182 1415 eos
197 1357 232 1415 ad
247 1359 382 1417 unitatem
396 1368 552 1426 revocaret,
561 1358 616 1415 sibi
628 1359 734 1435 quippe
749 1359 915 1435 prepositos
931 1375 959 1414 ιι
950 1356 1133 1434 dejecerant
1145 1368 1181 1414 et
1191 1360 1284 1435 expu‘

88 1453 195 1511 lerant.
212 1453 342 1527 quamvis
356 1462 448 1511 autem
464 1454 578 1512 nomine
594 1453 730 1512 Romanae
744 1453 883 1512 Ecclesiae
899 1452 1010 1539 scripte
1024 1451 1092 1518 sint,
1106 1452 1199 1527 liquet
1212 1452 1279 1511 Cle·

88 1560 212 1608 mentem
235 1550 350 1608 nomine
376 1546 524 1619 Eccleaioe,
548 1561 690 1625 tamquam
714 1546 893 1628 Episcopum
915 1567 953 1607 ex
977 1532 1055 1607 Cleri
1077 1549 1124 1606 sni
1145 1551 1279 1621 consilio,

87 1648 220 1716 scribere,
232 1667 283 1706 sua
294 1658 387 1707 tamen
402 1651 575 1718 auctoritate,
587 1669 653 1709 nam
668 1649 800 1708 Ecclesia
813 1649 999 1707 censebatur
987 1667 1021 1705 ιιι
1036 1646 1207 1727 Episcopo
1201 1667 1277 1708 osso.

87 1743 162 1803 Eam
177 1755 271 1803 nmen
292 1745 445 1829 praedicare
467 1766 525 1805 non
546 1747 637 1813 libuit,
652 1744 713 1813 sed,
729 1764 781 1821 pro
803 1743 975 1820 benignitate
989 1754 1018 1802 et
1029 1744 1177 1802 suavitate
1183 1744 1279 1803 Esau·

87 1839 164 1917 gelii,
180 1841 289 1901 animos
305 1840 340 1899 ad
354 1841 533 1901 concordiam
554 1843 639 1901 variis
660 1840 798 1923 adducam
821 1838 986 1898 rationibus.
1028 1839 1173 1899 Ceterum
1188 1860 1279 1915 quum

87 1936 178 1997 adhuc
198 1939 325 1998 Joannes
343 1941 498 2017 Apostolus
512 1949 589 1997 esset
602 1939 631 1996 in
650 1939 732 2006 vivis,
747 1916 824 1997 nulla
837 1938 959 1995 occurrit
972 1940 1053 2006 ratio,
1068 1957 1120 1997 cur
1138 1936 1279 1998 Clemens

86 2034 250 2114 Episcopus
262 2036 408 2095 Romanum
421 2034 456 2093 ad
468 2035 634 2093 Corinthios
648 2035 797 2102 scriberet;
813 2045 914 2110 preter
923 2035 1051 2094 omnium
1067 2034 1277 2104 Ecclesiamm,

86 2150 149 2205 que
164 2134 191 2190 ei
212 2132 400 2199 incumbebat,
415 2132 633 2191 solicitudinem.
676 2132 707 2189 S.
721 2132 821 2190 ,Victor
836 2132 949 2209 Scordo
963 2131 1002 2191 11.
1018 2132 1172 2191 'concilium
1187 2133 1278 2212 Epis·

85 2248 222 2307 coporum
242 2230 394 2288 Paesunae
414 2248 570 2289 convocare
580 2230 750 2307 ‚Theophilo
764 2230 937 2288 cesariensi
957 2230 1106 2308 Episcopo
1127 2235 1278 2311 praecepit,

86 2326 120 2384 de
136 2327 282 2385 Paschatis
304 2339 441 2404 tempore,
456 2339 484 2386 et
498 2329 620 2387 minatus
641 2340 685 2386 est
704 2329 740 2385 ab
761 2328 893 2386 Ecclesia
915 2327 1078 2386 abscindere
1100 2328 1276 2409 Polycraten

86 2423 278 2501 Ephesinum,
301 2425 429 2498 aliosque
451 2425 614 2503 Episcopos
638 2445 673 2484 eo
694 2444 751 2503 quo
771 2424 865 2483 Judaei
889 2425 935 2483 die
957 2424 1276 2503 paschacelebrantcs.

86 2519 210 2587 Quodsi
230 2520 347 2585 irenen¹
361 2520 479 2593 aliisque
502 2521 599 2593 durius
623 2538 705 2598 agere
728 2522 806 2579 visus
827 2521 874 2588 sit,
890 2530 1022 2597 potestas
1034 2532 1130 2582 tamen
1145 2506 1232 2597 quam
1247 2526 1275 2584 in

84 2617 254 2695 longinquas
276 2617 422 2675 Ecclesiae
444 2618 602 2701 exercebat,
624 2637 681 2677 non
704 2602 757 2675 suit
776 2617 935 2676 indubium
952 2629 1096 2693 ,muscata
1126 2620 1216 2681 'Vide
1230 2640 1275 2680 res

80 2724 178 2790 gestas
200 2713 274 2792 apud
295 2714 453 2773 Eusebium
474 2714 541 2773 hist.
557 2712 638 2772 Eccl.
662 2714 773 2772 Saeculo
794 2712 903 2772 llis.
925 2715 1089 2792 Stephanus
1108 2708 1274 2796 Episcopor

31 2880 36 2891 .
86 2812 244 2882 Africanos,
255 2813 449 2881 ethsiaticos,
463 2813 564 2870 iterum
578 2813 721 2889 baptizare
736 2812 862 2870 volentes
876 2813 990 2884 eosqui
1004 2814 1037 2871 ab
1052 2803 1195 2873 hereticis
1208 2815 1275 2897 bap-¹

85 2906 200 2969 rismum
222 2922 415 2988 susceperant,
436 2910 621 2977 anathematis
642 2910 787 2969 intentatis
812 2910 910 2977 minis,
931 2911 966 2968 ab
986 2929 1021 2968 ea
1040 2912 1144 2988 agendi
1159 2894 1274 2975 'atione

85 3007 223 3063 abstinere
233 3002 329 3083 jussit.
371 3007 546 3064 Res'titorunt
557 3006 672 3080 quidem
682 3007 856 3083 Cyprianus,
870 3006 974 3080 aliique
986 3007 1138 3085 Episcopi,
1149 3028 1185 3068 eo
1197 3008 1276 3087 quod

85 3101 197 3158 arbitrio
212 3119 265 3158 suo
279 3100 414 3158 Pontifex·
428 3101 567 3159 videretur
581 3120 674 3177 agere,
689 3101 740 3158 scd
754 3102 855 3159 victrix
877 3103 980 3160 mansit
997 3104 1121 3179 veritatis
1136 3115 1166 3163 ct
1178 3116 1275 3165 aucto-
1287 3148 1300 3154 -

84 3199 173 3257 ritatis
188 3215 283 3256 causa.
955 3260 957 3264 Α

124 3296 226 3355 Causas
241 3294 310 3359 fidei
322 3312 437 3373 semper
450 3293 485 3353 ad
506 3295 670 3372 Episcopos
685 3295 829 3378 Romanos
844 3307 1053 3355 consueverunt
1066 3297 1181 3357 deferri.
1224 3301 1275 3360 Sic

84 3394 224 3473 Origenes
234 3411 360 3453 errorum
373 3393 517 3467 incusatus
529 3391 596 3449 fidei
609 3391 817 3469 professionem
832 3393 954 3453 Romam
969 3393 1069 3452 misit!
1109 3393 1275 3474 Dionysius

84 3490 291 3551 Alexandrinus
314 3489 470 3567 patriarcha
490 3489 518 3546 iu
539 3489 732 3566 suspicionem
755 3489 900 3557 adductus,
916 3488 966 3548 sed
986 3475 1097 3568 judicio
1120 3491 1274 3555 Pontificis

83 3587 227 3644 absolutus
238 3597 291 3645 est.
326 3585 440 3645 Hostes
450 3585 511 3662 ejus
524 3585 672 3644 “Romam
685 3585 880 3654 ascenderunt,
889 3586 984 3665 ibique
993 3604 1059 3645 sum
1070 3587 1147 3665 apud
1158 3588 1273 3669 Diony·

83 3682 158 3739 sium
179 3681 306 3759 ejusdem
328 3683 452 3763 nominis
472 3682 635 3749 Romanum
660 3681 808 3757 presulem
830 3681 1075 3741 accusaverunt.”⁸
1110 3683 1274 3752 ⁴Nestorius

84 3776 150 3835 verd
164 3798 181 3835 a
194 3777 360 3837 Coelestino
374 3778 533 3846 damnatus,
550 3779 605 3836 nisi
620 3779 698 3836 intra.
713 3777 810 3836 decem
826 3776 887 3836 dies
908 3779 1193 3858 errorem'abjicsrst,
1207 3802 1275 3843 aua·

83 3874 205 3933 themate
226 3896 377 3952 percussus
397 3887 441 3935 est
463 3877 508 3953 ab
520 3875 711 3935 (Ecumenico
725 3874 884 3953 ¹Ephesino
905 3876 1050 3948 Concilio,
1064 3877 1093 3935 vi
1111 3880 1271 3956 pontificiae

84 3973 255 4030 sententie*

1115 4086 1120 4092 “
1152 4090 1156 4103 ι
1180 4079 1185 4107 i
1262 4064 1318 4107 ‘r'

1152 4104 1280 4164 'qais-*³¹-

1088 4228 1093 4250 ..
1146 4198 1151 4239 ι
1181 4166 1194 4245 l.
1298 4228 1305 4235 .

278 4204 314 4264 (l)
330 4203 345 4252 l.
357 4205 381 4252 2.
391 4204 446 4254 hist
459 4203 526 4252 Eccl
538 4219 560 4254 c.
571 4204 593 4252 ⁵.

277 4285 314 4344 (2)
331 4284 419 4336 Euseb.
432 4288 487 4336 hist.
498 4286 582 4353 viql4·
593 4286 632 4336 ³6.
1056 4314 1060 4321 ι
1148 4306 1155 4359 3
1193 4315 1200 4351 ·.

277 4367 313 4427 (³)
329 4368 354 4416 S.
366 4370 455 4418 Athen.
467 4370 496 4431 dc
507 4368 570 4418 sant.
581 4368 682 4432 Dionys.
694 4368 838 4418 hiemettis
850 4369 949 4434 Synodo
960 4369 1071 4422 Nicone.
1143 4409 1154 4435 ·.-
1169 4364 1180 4415 l·
1196 4426 1201 4431 ,
1214 4386 1244 4422 ἰ
1316 4368 1318 4373 ’

279 4450 313 4510 (d)
331 4443 581 4502 concenturiat.
594 4452 614 4501 l.
625 4451 669 4500 ool.
683 4450 750 4512 itte,
1031 4480 1034 4485 =
1137 4446 1144 4456 ”
1292 4456 1318 4479 ”
