2738 5032
134 261 243 359 me·
430 265 487 325 DE
508 264 729 343 EOGLESIAE
747 263 1026 351 'nunculiam

212 370 250 411 Ἥ

175 425 233 483 His
247 422 314 482 verb
328 424 460 483 omnibus
474 443 532 483 non
545 442 662 500 parvum
673 424 782 483 accedit
794 425 878 483 robur
888 443 924 482 ex
938 423 1095 500 Evangelio
1110 440 1168 495 quo
1181 421 1321 481 miracula

136 521 237 580 asnis
258 520 408 598 discipulis
434 520 561 579 facienda
582 519 715 597 prodixit
739 520 881 591 Christus,
903 522 974 594 quin
1001 519 1136 597 temporis
1158 517 1321 595 designaret

136 618 282 677 limitem.²
742 647 743 650 ¹
1038 675 1041 680 ,

148 772 151 779 ,
178 715 244 794 obj.
266 716 405 777 Miraoula
420 718 505 775 unius
528 716 572 773 vel
591 716 705 774 alterius
727 716 879 794 Scriptoris
898 716 1059 776 testimonio
1078 715 1216 782 nituntur,
1236 715 1328 790 cujurj

137 814 263 888 alioquin
277 815 388 872 animus
403 814 438 873 ad
453 815 523 872 mira
536 812 676 902 credenda
689 815 822 891 proclivis
836 833 873 873 ex
886 815 949 891 ipsa
962 814 1118 872 narratione
1141 821 1227 888 patet.
1269 812 1318 869 Sic

136 911 198 988 ipse
213 912 369 989 Gregorius
382 912 428 971 M.
437 913 509 971 mira
520 929 650 969 narrasm
664 912 826 988 perhibetur
840 913 924 970 Petro
938 931 991 970 suo
1004 910 1122 969 diactum
1136 910 1208 968 nihil
1220 909 1318 986 hujus·

58 1046 63 1061 .
136 1007 215 1067 modi
229 1020 311 1067 antea
324 1009 490 1086 suspicanti,
505 1027 626 1082 quorum
639 1009 723 1068 etiam
738 1010 859 1086 plurima
871 1008 1000 1073 ridicula
1003 1017 1110 1066 suntet
1123 1006 1193 1073 Deo
1202 1020 1317 1083 prorsus

136 1104 262 1183 indigua.

175 1203 264 1282 Resp.
286 1205 355 1264 Non
369 1205 465 1264 omnia
475 1222 541 1278 quae
551 1202 705 1263 afferuntur
715 1205 849 1263 miracula
862 1204 960 1262 eadem
971 1204 1123 1262 fulciuntur
1130 1203 1316 1261 auctoritato

136 1310 205 1358 sunt
214 1302 292 1359 enim
306 1300 435 1375 quaedam
456 1302 550 1359 niinns
564 1311 640 1369 uota,
655 1320 718 1374 quer
732 1320 769 1359 ex
781 1303 878 1368 nnius,
892 1310 940 1360 aut
955 1301 1075 1359 alterius
1089 1301 1170 1358 testis
1192 1299 1319 1377 pendent

130 1396 202 1465 lide,
217 1399 272 1456 alia
285 1397 351 1456 verd
374 1392 587 1475 pluredhabent
599 1408 695 1467 testes,
710 1408 739 1456 et
757 1417 852 1458 rerum
869 1399 970 1457 illustri
984 1408 1012 1456 et
1022 1398 1180 1473 notissima
1199 1415 1315 1456 conver·

135 1491 217 1551 sione
234 1493 484 1552 commendantur?
518 1493 585 1571 lpse
599 1486 713 1553 adnotat
728 1494 884 1572 Gregorius
899 1513 930 1552 se
950 1494 1067 1552 nomina
1080 1497 1179 1551 eorum
1195 1495 1250 1566 qui
1265 1493 1317 1551 sibi

136 1607 171 1645 sa
184 1589 338 1648 retulerunt
350 1609 508 1659 recensere,
523 1601 554 1650 ut
567 1610 604 1649 ex
620 1592 699 1649 testis
720 1592 878 1668 integritate
891 1601 1001 1656 constet
1014 1591 1133 1649 orationi
1147 1589 1232 1647 tides.
1274 1589 1315 1647 Er

136 1703 200 1758 quas
219 1686 386 1762 plerumque
405 1688 535 1764 privatim
554 1690 742 1766 contigerunt,
755 1689 855 1764 paucis
874 1686 981 1746 idcirco
999 1699 1075 1754 nota,
1090 1688 1208 1753 Petrum
1228 1686 1315 1747 daco

136 1801 205 1841 unm
220 1783 300 1842 sacile
311 1784 396 1843 latere
409 1796 578 1863 potuerunt:
594 1796 727 1845 caeterum
738 1786 833 1853 relata,
843 1786 959 1863 ⁴testium
973 1785 1252 1863 citatisnominibus,
1260 1783 1313 1861 ipsi

23 1876 27 1881 ’
135 1881 293 1941 certissima
306 1883 367 1940 visa
380 1894 459 1957 sunt..
492 1883 643 1941 Nonnulla
656 1883 762 1941 axillis
777 1883 864 1940 risum
879 1882 962 1940 aliem
977 1900 1090 1945 movere
1104 1892 1234 1959 possent,
1244 1883 1314 1955 sicut

136 1979 199 2055 ipsa
211 1996 276 2052 quae
290 1981 321 2039 in
335 1981 488 2058 Scripturis
498 1972 673 2049 referuntur,
688 1981 977 2057 Veterispraesertim
997 1980 1186 2048 Testamenti,
1202 1978 1318 2038 ridicule·

135 2077 220 2135 etiarn
235 2077 318 2135 alicui
339 2090 457 2154 possent
469 2077 568 2136 videri.
611 2077 669 2135 Sed
689 2064 821 2155 pleraque
840 2078 1008 2156 gravissima·
1023 2082 1099 2148 suut,
1113 2096 1235 2151 quaque
1249 2076 1316 2135 divi·

135 2192 202 2233 nam
222 2162 374 2232 bonitatem
395 2192 506 2255 summe
527 2175 734 2233 commendant.
776 2174 921 2248 Quidquid
939 2170 1006 2233 verb.
1019 2174 1054 2232 ds
1069 2174 1111 2232 iis
1125 2192 1190 2247 quae
1204 2173 1312 2249 sapien·

123 2271 262 2340 ¹tissimus
288 2271 420 2331 Pontifex
439 2273 499 2329 suis
521 2273 615 2331 retulit
638 2272 758 2350 dialogis
780 2282 936 2340 censeatur,
956 2289 1074 2344 eaquae
1098 2271 1132 2328 ab
1157 2270 1315 2346 Augustino

136 2377 240 2444 patrata
254 2364 377 2444 agnovit,
391 2378 477 2426 testes
491 2369 652 2428 habuerunt·
659 2369 730 2427 alios
742 2366 975 2445 quamplurimos,
988 2386 1108 2441 quorum
1120 2367 1315 2424 testimouium

135 2463 171 2525 ad
184 2463 271 2521 Beda
285 2482 375 2537 usque
395 2475 532 2542 tempora,
546 2467 639 2543 gentis
652 2465 816 2543 ·Anglorum
830 2465 988 2554 traditione,
1002 2466 1110 2533 claruit,
1125 2473 1264 2533 eteorum
1280 2461 1316 2521 ad

135 2558 222 2619 fidem
236 2561 420 2619 conversione
435 2571 479 2618 est
492 2562 641 2619 munitum.
684 2562 785 2623 Sicut
777 2561 862 2638 igitur
874 2561 1017 2621 miraculis
1032 2559 1139 2618 Christi
1152 2568 1180 2617 et
1192 2558 1318 2633 Aposto-
1346 2582 1348 2587 v

135 2655 228 2716 lorum
237 2657 367 2734 gentium
381 2659 529 2717 conversio
542 2657 634 2717 fidem
643 2658 732 2728 facit,⁹
745 2659 784 2716 ita
796 2669 832 2716 et
837 2658 989 2735 Augustini
1003 2656 1144 2716 miraculis
1159 2646 1316 2770 inglorium

136 2753 284 2813 conversio
298 2755 383 2813 robur
396 2746 501 2835 adjicit.

178 2848 245 2958 Obj.
259 2854 289 2909 2.
310 2850 410 2929 Longe
421 2851 526 2910 distant
534 2852 696 2911 testimonia
706 2808 809 2926 quillus
820 2852 994 2928 Euangeliou
1004 2851 1139 2909 miracula
1151 2822 1314 2928 probantur,

136 2945 212 3003 ab'
193 2964 230 3002 ns
251 2964 313 3018 quae
334 2948 468 3006 miracula
487 2949 642 3026 posteriora
661 2948 868 3025 commendant.
910 2947 1067 3025 Scriptores
1092 2946 1196 3014 comui,
1213 2945 1315 3005 oculati

40 3096 42 3100 .
136 3042 321 3120 plurimorum
339 3054 435 3112 testes,
450 3064 495 3102 res
514 3054 607 3123 gestas
622 3046 745 3105 referunt
764 3047 795 3104 in
807 3043 872 3122 ips'a
886 3065 945 3125 qua-
956 3045 1086 3109 dicuntur
1099 3044 1255 3120 contigisse
1274 3044 1331 3101 ιο

136 3139 220 3218 gione
243 3140 315 3196 inter
325 3140 433 3199 ¹hostes
446 3140 574 3210 Christi,
589 3142 624 3200 ad
644 3162 759 3229 novam·
770 3141 957 3201 inducendam
982 3141 1167 3222 religionem:
1189 3159 1206 3198 e
1221 3149 1315 3199 centn

136 3236 191 3312 alia
205 3236 339 3295 miracula
351 3236 517 3312 plerumque
535 3247 600 3314 post
612 3239 780 3297 seculorum
792 3239 911 3315 lapsum
926 3248 1070 3313 narrantur
1082 3255 1120 3295 ex
1133 3237 1212 3314 vulgi
1232 3237 1312 3303 fama,

136 3330 200 3413 ipsa
219 3333 297 3394 eniin
321 3352 392 3408 quas·
405 3336 535 3395 maxime.
553 3335 704 3413 probanda.
719 3336 858 3411 videntur,
879 3346 976 3414 utpote
991 3322 1144 3397 ssl’ontificii
1170 3334 1314 3403 tribunalis

109 3474 111 3478 -
136 3433 260 3492 examini
274 3432 409 3509 subjecta,
421 3431 471 3490 vix
484 3440 547 3490 ante
561 3433 697 3490 seculum
710 3433 744 3491 ab
759 3433 970 3511 obitu-possunt
980 3433 1010 3490 iu
1021 3431 1099 3495 curia
1111 3431 1244 3508 allegari:
1260 3440 1314 3505 qu'o

76 3539 79 3551 '
136 3531 169 3588 fit
181 3540 212 3589 ut
231 3529 427 3608 progrediente
449 3539 576 3608 tempore
590 3529 718 3604 quaedam
732 3531 803 3591 mira
816 3542 913 3595 sancto
927 3530 1010 3588 alicui
1026 3520 1191 3597 tribuantur,
1205 3529 1243 3589 de
1256 3528 1314 3603 qni·

119 3626 189 3687 ,bna
203 3645 239 3684 us
253 3628 385 3704 cogitavit
403 3627 518 3701 quidem
534 3647 646 3686 cooevus
660 3628 761 3701 aliquis
776 3628 905 3704 scriptor,
919 3627 993 3685 sicut
1006 3626 1040 3684 de
1060 3627 1171 3704 Ignatio
1185 3647 1204 3685 a
1215 3624 1314 3704 Lojola

137 3724 263 3801 contigit.
294 3725 397 3794 Procul
411 3724 494 3784 etiam
510 3745 526 3782 a
538 3725 602 3784 loco
615 3744 661 3783 res
671 3735 760 3802 geste
771 3725 877 3801 saepius
891 3733 1045 3792 narrantur,
1060 3725 1195 3783 miracula
1208 3721 1318 3801 quippe

116 3880 119 3887 ,
138 3820 283 3878 Francisci
303 3821 419 3879 Xaverii
432 3823 462 3879 in
481 3822 600 3899 Europa
612 3841 650 3880 ex
671 3821 917 3880 Missionariorum
937 3821 1046 3889 litteris,
1062 3821 1115 3905 hap
1134 3821 1242 3905 ratione
1255 3839 1313 3881 suae

137 3932 229 3979 cause
250 3919 493 3994 patrocinantium,
511 3919 677 3978 claruerunt.
719 3919 891 3991 Plerumque
902 3918 990 3976 etiam
1006 3918 1035 3976 iu
1051 3917 1230 3994 Papistarum
1251 3935 1315 3995 pro·

138 4012 239 4071 vinciis
255 4013 395 4072 abundant
414 4015 557 4083 miracula,
572 4015 606 4072 de
622 4015 723 4088 quibus
742 4014 851 4093 nullum
870 4015 901 4071 in
919 4014 1081 4090 regionibus
1102 4014 1313 4072 Protestanticis

138 4109 258 4171 occurrit
278 4112 452 4188 vestigium.·-
479 4111 635 4185 Tentando
649 4110 730 4180 fiunt,
744 4129 795 4170 sen
816 4101 972 4189 periculum
991 4113 1031 4170 rei
1052 4111 1192 4185 faciendo,
1207 4112 1313 4170 insslici

70 4268 73 4275 ,
138 4206 242 4285 sepius
254 4225 398 4276 successu,
408 4209 502 4285 potius
512 4227 601 4283 quam,
608 4217 683 4271 certa
693 4207 815 4291 quadarn
829 4209 940 4278 virtute,
951 4207 1045 4289 etllei
1055 4209 1191 4286 potentia.
1232 4209 1315 4285 Quas·

183 4592 186 4598 ‚
268 4519 305 4583 (l)
322 4516 404 4575 Marci
412 4518 458 4569 xvi.
470 4519 507 4571 tt.
518 4518 647 4582 Joanxlv.
656 4521 693 4575 12.
706 4522 743 4574 13.
761 4477 833 4579 Matt.
844 4523 892 4577 xri.
901 4523 939 4576 21.
956 4522 1016 4576 Luc.
1028 4516 1084 4576 xvii.
1095 4523 1118 4576 6.

267 4604 304 4667 α)
321 4603 513 4670 ratrammo
551 4666 553 4671 y
588 4622 592 4629 ¹
638 4671 642 4679 ¹
810 4642 813 4649 ,
