2738 5032
96 236 150 293 19²
388 233 443 292 DE
465 231 684 291 EOOLESIAE
706 231 982 293 SANCTITATE.

91 402 149 449 tem
170 391 394 468 principiisque
413 391 529 448 heretici
551 390 689 467 plerique,
703 398 732 447 et
746 389 825 448 Huss
840 391 869 447 in
890 390 989 466 primis
1011 397 1234 465 propugnarunt,
1248 398 1275 445 et

91 488 343 559 machinationibus
358 489 502 562 turbisque
516 505 582 560 quae
596 487 680 545 sectis
695 487 753 545 sere
767 488 898 544 omnibus
912 505 1079 544 communes
1094 487 1220 552 luerunt,
1232 485 1274 555 tri·

90 583 232 643 buendum
255 566 414 644 censemus.
456 585 587 643 Proiecto
601 584 738 661 Synodus
759 595 924 660 potestatem
945 603 1025 642 suam
1045 584 1118 640 intra
1134 581 1272 659 judicium

90 680 125 738 de
138 681 288 739 'hereseos
302 682 430 747 crimine,
446 692 475 739 st
487 699 620 739 censuras
642 681 859 738 Ecclesiasticus
877 681 1013 739 contineri
1031 679 1195 747 declaravit,
1209 680 1271 737 eum

92 780 219 841 saeculari
240 781 370 856 potestati
393 779 460 847 duni
482 779 619 838 traderet:
642 778 744 836 “Hrec
763 779 867 836 Sancta
887 778 1023 856 Synodus
1045 777 1272 837 constantiensis

90 877 230 935 Joannem
255 878 330 945 Hus,
345 888 449 935 attento
471 876 547 950 quod
568 876 699 934 Ecclesia
721 876 775 933 Dei
797 897 853 935 non
875 877 975 935 habeat
991 877 1066 939 ultra
1086 877 1157 949 quid
1179 894 1271 953 gerere

91 976 192 1041 valeat,
208 975 318 1053 judicio
332 975 459 1033 seculari
474 975 639 1047 relinquere,
655 986 682 1031 et
696 975 790 1050 ipsun'r
804 976 888 1033 curiae
910 975 1038 1032 saeculari
1056 974 1270 1048 relinquendum

90 1071 338 1133 soredecernit.”¹
424 1117 426 1120 .
530 1134 533 1138 ,

132 1168 198 1248 obj.
213 1173 242 1227 4.
265 1168 363 1245 Ipsum
373 1169 544 1244 principium
558 1167 774 1243 persecutionis,
785 1169 831 1225 cui
845 1180 939 1244 aperte
951 1170 1163 1243 patrocinantur
1173 1167 1274 1247 Eccle-

82 1260 139 1325 ἰιι
153 1266 302 1343 proesules,
317 1265 472 1335 doctrinam
487 1263 562 1321 haud
575 1274 710 1331 sanctam,
725 1263 775 1321 sed
789 1267 1030 1341 sanguinolentam
1048 1267 1156 1342 probat.
1177 1265 1274 1338 loqui·

89 1363 200 1421 sitionis
212 1361 344 1427 ¹tribunal
367 1381 384 1417 a
401 1360 530 1441 Summis
553 1359 739 1419 Pontificibus
760 1373 883 1427 erectum
903 1362 970 1420 illud
993 1363 1175 1425 manifestum
1193 1361 1278 1421 iacit.

90 1459 181 1517 Cone.
197 1459 388 1516 Lateranense
402 1459 486 1515 etiam
501 1458 574 1515 ferro
588 1458 710 1534 igneque
725 1456 859 1517 delendos
874 1461 1020 1519 hereticos
1035 1460 1135 1521 docet..
1247 1520 1250 1524 ,

103 1550 107 1559 “
128 1555 217 1633 serp.
240 1555 360 1612 Nullum
382 1555 586 1630 persecutionis
608 1554 786 1630 principium¹
800 1555 881 1614 tradit
902 1557 1043 1623 Ecclesia,
1063 1556 1117 1614 sed
1137 1555 1281 1633 presules

89 1653 152 1729 ejus
167 1652 266 1710 mitius.
277 1651 439 1708 severiusve
453 1661 633 1718 censuerunt,
649 1669 700 1726 pro
714 1648 816 1708 indolis
830 1671 888 1710 ιιι
899 1654 1040 1720 varietate,
1053 1653 1098 1717 vel
1112 1662 1279 1730 temporum

89 1748 260 1825 conditione,
270 1748 315 1804 vel
327 1747 492 1806 aliis-rerum
505 1747 653 1824 adjunctis.
692 1747 866 1822 Augustinus
879 1750 1027 1830 mitissime
1036 1768 1101 1807 cum
1113 1736 1283 1813 Donatistis

71 1847 227 1925 ,agendum
253 1848 372 1914 censuit,
398 1846 488 1907 donec
518 1844 802 1920 circumcellionibus
828 1846 858 1903 in
886 1846 1052 1905 Sacerdotes
1080 1847 1276 1924 grassantibus

88 1963 185 2002 eorum
208 1943 331 2001 furorem
345 1943 463 2019 legibus
486 1941 638 1999 coercitum
659 1938 768 2006 viderit,
788 1951 817 1997 et
835 1943 986 2023 nonnullos
1006 1940 1275 2025 penetimoread

86 2042 189 2100 bonam
204 2040 314 2117 frugem
328 2039 466 2098 redactos.
508 2039 540 2096 S.
555 2038 616 2096 Leo
627 2036 835 2125 VM.·proiessus
849 2050 893 2097 est
914 2040 1076 2106 Ecclesiam
1097 2039 1274 2103 sacerdotali

82 2138 192 2217 judicio
204 2148 362 2200 contentam
374 2146 503 2195 cruentas
516 2135 643 2211 refugere
657 2134 789 2202 ultiones,
801 2139 930 2217 quamvis
941 2157 980 2198 ex
989 2138 1095 2197 severis
1111 2128 1273 2216 principum

87 2236 187 2294 edictis
208 2236 304 2293 referri
325 2233 474 2308 aliquando
494 2233 615 2291 fructum
629 2233 655 2289 e'i
674 2232 757 2290 suerit
776 2222 951 2309 persuasum.
992 2236 1120 2295 Historia
1142 2237 1276 2314 magistra

87 2333 239 2392 edocemur
259 2332 352 2397 turbas
375 2343 523 2403 motusque
544 2329 642 2387 civiles
660 2347 778 2406 semper
802 2333 965 2406 praecessise
989 2333 1271 2410 legum‘severitstia

87 2432 208 2505 ideoque
231 2429 266 2487 ad
287 2448 336 2486 eas
359 2429 432 2486 hanc
454 2425 554 2485 meritd
578 2427 734 2484 referimus.
775 2427 841 2505 lpsa
863 2428 1015 2501 inquisitio
1034 2436 1161 2506 queen
1178 2430 1273 2507 parvis

86 2529 174 2588 initiis
193 2527 229 2585 ad
248 2525 369 2584 tribunal
391 2523 597 2582 formidandum
619 2524 754 2590 excrevit,
776 2524 970 2601 Albigensium
992 2528 1150 2586 tumultus'
1142 2546 1173 2585 ιι
1187 2545 1273 2585 csusa

86 2626 197 2692 habuit;
218 2635 247 2681 et
263 2624 293 2681 in
307 2623 433 2700 singulas
453 2623 583 2683 nationes
602 2621 717 2685 indrtcta
729 2633 782 2688 est,
797 2623 911 2695 quando
923 2625 1042 2700 publice
1057 2626 1146 2698 quieti
1160 2622 1272 2702 pericu·

85 2725 145 2783 lum
159 2742 196 2781 ex
217 2722 413 2781 hereticorum
431 2721 475 2779 vel
492 2731 679 2797 apostatarum
695 2720 862 2783 molimine
855 2722 1002 2780 imminere
1011 2723 1189 2803 videbatur.
1211 2722 1272 2789 Qui

85 2817 167 2881 missi
180 2831 247 2881 sunt
260 2841 276 2878 a
289 2821 428 2879 Pontifice
449 2819 517 2877 fidei
530 2818 697 2905 quaesitores
708 2818 738 2879 in
754 2817 899 2885 Gallias(
892 2839 923 2883 ιιι
942 2798 1153 2901 Ερίιιοροιιιιιι
1172 2819 1270 2879 subsi-

86 2920 164 2977 dium
178 2910 253 2976 sunt
275 2917 416 2991 destinati,
437 2927 468 2974 ut
482 2915 609 2974 latentes
631 2923 739 2973 errores
761 2915 952 2992 detegerent.
948 2918 1123 2997 pertinaces
1140 2915 1270 2997 quidem,

86 3023 230 3085 tamquam
250 3013 369 3086 publicae
383 3013 602 3094 ‚tranquillitatis
617 3012 725 3077 hostes,
746 3012 861 3095 brachiu
881 3014 1019 3073 seculari·
1033 3014 1192 3085 tradituri.»
1203 3013 1271 3071 -Sed

85 3107 205 3179 tribunal
226 3108 256 3164 in
271 3106 420 3183 Hispaniis
435 3119 559 3165 erectum
573 3096 618 3165 est
637 3107 675 3165 ex'
695 3107 866 3166 Ferdinaudi
886 3111 961 3186 regis
976 3110 1128 3177 voluntate,
1143 3120 1176 3169 ut
1187 3124 1272 3188 apos·

85 3216 155 3269 tatas
164 3222 256 3281 regno
271 3203 436 3267 insidiantes
451 3202 594 3279 plecteret,
610 3203 760 3263 Pontificia
773 3212 859 3280 opera
870 3207 900 3264 in
911 3226 976 3266 sum
992 3209 1079 3265 finem
1093 3209 1234 3289 praestita,
1239 3216 1271 3267 ut

85 3293 359 3363 Ecclesiasticorom
368 3297 498 3376 judicum
513 3298 728 3383 sententiaque
749 3299 878 3363 heresis
885 3303 957 3360 foret
970 3303 1182 3363 decerneretur.
1174 3309 1198 3340 ·¹
1218 3304 1270 3371 ιιι

37 3461 43 3471 .
85 3409 220 3482 exparte
243 3382 382 3455 Ecclesia
404 3394 571 3453 universalis
590 3378 761 3471 doctrinaiu
773 3415 900 3461 normam
918 3399 1090 3475 judiciorum
1112 3412 1270 3479 assumpta,

85 3496 235 3574 privilegio
255 3494 340 3552 etiam
354 3511 480 3586 arege
471 3510 608 3551 concesso
621 3502 653 3549 ut
666 3493 756 3551 semel
775 3503 809 3553 et
825 3493 926 3552 iterum
948 3495 989 3553 rei
1010 3495 1121 3563 absolvi
1140 3508 1271 3573 possent,

84 3592 141 3650 levi
162 3593 288 3668 injuncta
304 3609 395 3667 paena,
411 3588 500 3646 venie
515 3598 651 3665 potestate
666 3589 820 3647 tertiavice
841 3600 947 3649 tantum
968 3590 1117 3670 denegata.¹
1155 3592 1289 3672 Mitigs·.

86 3681 166 3757 batur
186 3682 280 3766 igitur,
304 3700 444 3765 quatenus
453 3686 661 3749 Ecclesiastici
679 3685 738 3743 'viri
762 3687 995 3757 interveniebant,
1015 3689 1110 3767 legum
1134 3691 1228 3768 rigor,
1242 3700 1273 3751 et
1312 3678 1315 3683 ⁸

81 3785 183 3864 judicii
198 3776 321 3858 equitati
335 3785 541 3853 consulebatur,
556 3804 609 3843 nec
623 3770 761 3863 sententia
774 3784 954 3844 screbaturin
965 3786 1076 3860 eosqui
1086 3808 1103 3857 a
1114 3790 1270 3866 majoribus

84 3884 215 3956 haeresim
234 3883 393 3951 hauserant,
409 3881 460 3938 sed
475 3880 657 3957 inapostatas
672 3900 688 3937 a
703 3870 852 3940 ¹Catholica
864 3882 932 3951 lide,
947 3884 995 3956 qui
1010 3902 1072 3956 quae
1087 3874 1157 3942 bum
1172 3889 1269 3944 sancte

67 3965 69 3969 η
85 3978 304 4057 spoponderant,
320 3960 384 4037 crim
399 3977 505 4060 ordinis
520 3988 548 4035 et
568 3978 646 4054 pacis
667 3978 785 4054 publice
799 3978 948 4057 dispendio
963 3981 1112 4039 violabant.
1147 3982 1272 4064 ‘Latera-

29 4121 32 4130 .
84 4095 173 4137 nense
192 4071 336 4135 decretum
362 4078 392 4141 in
413 4076 536 4157 comitiis
557 4070 643 4152 veluti
663 4076 839 4153 generalibus
859 4072 1021 4157 reipublice
1039 4073 1166 4155 Europae
1181 4081 1270 4158 latum

84 4171 255 4234 censendum
278 4183 332 4239 est,
353 4174 458 4249 quippe
482 4190 577 4249 reges
585 4191 636 4248 per
651 4173 769 4248 legatos,
785 4174 983 4255 principesque
1006 4194 1071 4234 cum
1096 4178 1269 4253 presulibus

116 4325 245 4389 (l)Conc.
256 4322 339 4370 Const.
356 4323 421 4373 Sess
432 4341 471 4372 xv.
482 4323 528 4373 col.
539 4322 594 4373 410.
1041 4356 1043 4361 -

115 4411 151 4472 (2)
168 4408 230 4457 Vide
249 4402 366 4463 Ferraria,
385 4406 535 4456 Bibliotheca
546 4409 619 4458 Verb
636 4407 779 4477 Inquisitio,
783 4409 891 4472 Bergier
908 4364 1074 4460 Dictiimnaire
1090 4412 1120 4460 de
1131 4411 1270 4481 Theologrs

83 4490 238 4557 Inquisition,
247 4487 342 4549 Lettres
353 4503 395 4536 sur
406 4489 422 4536 l
435 4488 589 4552 inquisition,
598 4506 642 4554 prr
648 4490 675 4540 le
685 4486 772 4540 Comte
784 4491 819 4540 Le
831 4490 946 4575 Maistre:
964 4492 1029 4553 haud
1040 4499 1127 4543 temen
1133 4486 1268 4561 Anglicam

86 4576 232 4627 versionem
