2738 5032
73 250 132 311 m
378 244 436 307 DE
455 244 684 307 Tutanum
703 242 943 307 DOCTRINAE
990 238 994 243 ’

74 416 171 465 sutem
182 406 265 464 rebus
278 423 342 477 quae
355 405 478 478 aliquam
493 405 634 479 patirrutur
646 402 722 480 apud
737 403 905 473 ¹Cutlrolicos
920 404 1105 477 quaestionem
1126 404 1266 481 implius⁸

75 521 149 569 mur,
163 521 211 563 eas
225 501 403 559 definitiones
419 501 600 560 vindicandas
614 502 803 578 suscepimus,
818 520 882 575 que
900 501 1048 560 Pontificis
1060 512 1088 559 et
1101 521 1263 579 episcopo·

73 616 136 657 rum
151 598 326 675 plerumque,
340 599 389 672 qui
402 596 514 665 adsunt,
524 600 712 657 consensione
725 608 755 657 et
766 601 928 657 auctoritate
947 599 1115 667 ιιιιιιιιιιιιιι
1135 598 1173 657 de
1193 600 1264 659 aliis

74 712 137 769 quse
150 694 187 753 ad
199 695 320 763 coucilia
332 706 462 772 spectem
474 707 572 770 poetes
585 695 683 753 ιιιιιιιι.

522 914 525 919 ,
554 838 725 911 ιιοιοιιιιο
740 870 774 911 ιι.

112 1009 301 1071 Definitiones
328 1011 395 1071 fidei
413 1013 444 1071 in
465 1012 604 1070 conciliis
624 1010 822 1069 (Ecumenicis
842 1011 915 1078 latre,
930 1008 1085 1087 Episcopis
1107 998 1256 1087 plelisque

73 1108 123 1181 qui
136 1109 237 1167 adsunt
247 1128 312 1168 cunr
327 1110 466 1168 Pontifice
480 1111 599 1186 Summo
613 1109 863 1176 consentientibus,
873 1109 1033 1166 infallibiles
1045 1109 1165 1167 omnino
1176 1118 1251 1168 sunt.

116 1205 275 1264 Probatur.
298 1207 507 1284 Episcoporum
516 1203 603 1265 ,cetui
618 1205 729 1263 docenti
744 1205 890 1263 Christum
902 1204 1063 1262 adfiatumm
1076 1220 1253 1282 scrupea-ex

73 1304 309 1380 promissionibus
324 1304 468 1380 Apostolis
483 1303 573 1370 lactis,
588 1301 623 1359 de
638 1303 700 1378 ejus
715 1296 850 1378 perpetua
864 1300 1021 1376 presentia,
1037 1301 1116 1359 etde
1130 1302 1252 1378 Spiritus

73 1403 172 1462 Sancti
186 1404 305 1470 lumine,
319 1413 445 1460 constat:
467 1400 607 1478 Episcopi
621 1412 715 1475 autem
730 1402 853 1459 maxime
868 1401 979 1469 docent,
994 1399 1109 1473 quando
1123 1400 1153 1458 in
1167 1418 1251 1458 unum

73 1500 272 1559 convenientes
286 1518 323 1556 ex
334 1518 413 1556 omni
404 1499 502 1556 orbis
517 1510 604 1575 parte,
616 1499 794 1557 definitiones
806 1497 873 1555 fidei
884 1497 979 1563 edunt,
993 1498 1129 1573 probante
1140 1514 1253 1556 nummo

66 1597 223 1656 'Praesides-
240 1595 358 1672 proinde
372 1594 728 1673 definitioneshujusmodr
742 1595 820 1653 omni
833 1594 937 1652 erroris
951 1593 1085 1711 periculo
1092 1605 1194 1653 tacent
1207 1612 1251 1683 ne·
1296 1634 1303 1651 ,ι

72 1710 153 1751 ome
167 1702 219 1750 eei.
1245 1734 1247 1739 .

51 1862 55 1869 ι
112 1790 251 1849 Praeterea
265 1802 415 1866 postquam
429 1789 538 1847 dixerat
551 1788 684 1846 Christus
705 1786 843 1847 Ecclesiae
858 1781 1071 1859 delinquentem
1086 1754 1258 1846 denuntian-

56 1870 60 1875 Ι
75 1887 152 1955 dum,
168 1906 290 1961 eumque
307 1887 417 1964 judicio
430 1889 507 1947 illius
522 1884 638 1945 'subesse
652 1896 838 1981 recusantem,
854 1872 1102 1945 velutisethnicum
1116 1896 1146 1944 et
1159 1886 1249 1975 publi·-

72 2004 174 2046 cenum
188 1986 370 2044 habendnmt
392 1996 424 2044 ut
436 1985 640 2043 demonstraret
652 2002 736 2058 qnam
752 1970 808 2042 vim
829 1982 953 2041 haberet
964 1968 1109 2042 Ecclesiae
1121 2002 1174 2062 per
1182 2002 1250 2063 pne·

72 2085 149 2142 eules
159 2082 310 2160 judicium,
323 2081 475 2157 Apostolos
490 2080 645 2153 alloquens,
655 2098 718 2154 qua
731 2081 762 2138 in
772 2079 857 2138 terris
863 2080 985 2156 ligarent
998 2079 1043 2136 vel
1059 2078 1232 2147 soluerent'
1223 2098 1251 2137 ιιι

71 2181 149 2239 caelis
171 2177 285 2256 liganda
306 2189 334 2235 et
355 2176 500 2265 soluenda,
513 2186 638 2235 testatus
662 2186 740 2234 est'-
756 2177 869 2253 AdJeclt
881 2166 1050 2237 concordem
1074 2175 1199 2235 duorum
1216 2192 1252 2233 ex

71 2277 226 2354 Apostolos
246 2258 412 2352 petitionem
426 2286 505 2333 certo
524 2294 541 2332 a
561 2276 645 2334 Patre
658 2274 915 2333 exaudiendam:⁴
917 2270 995 2331 ‘Ubi
1016 2274 1094 2331 enirn
1108 2285 1176 2333 sunt
1196 2272 1263 2331 dno

72 2374 119 2430 rel
139 2383 196 2430 tres
209 2373 371 2449 congregati
385 2374 415 2430 in
429 2372 544 2430 nomine
558 2390 632 2439 ιιιιιο,
648 2372 687 2428 ibi
707 2390 770 2428 sum
785 2372 814 2429 ιιι
831 2349 926 2428 medio
945 2388 1053 2428 eorum.
1057 2370 1091 2405 ”²
1131 2370 1214 2457 Hae
1218 2386 1256 2427 ex

70 2467 206 2525 orationis
220 2469 293 2523 serie
306 2468 437 2522 videntur
450 2467 484 2523 ad
498 2475 690 2542 congregatos
696 2484 733 2524 ex
746 2465 1033 2555 Christipuctoritate
1042 2464 1148 2532 referri,
1165 2480 1255 2557 quum

72 2560 107 2621 dc
120 2561 292 2618 auctoritatis
305 2561 441 2617 exercitio
455 2561 485 2617 in
500 2561 609 2637 judicio
628 2560 840 2637 proferendo
815 2580 884 2621 mox
898 2562 1009 2635 locutus
1023 2563 1068 2628 sit,
1082 2561 1189 2634 quod
1180 2581 1253 2638 rpsae

71 2676 157 2717 voces
172 2656 361 2715 “innomine
374 2674 449 2723 meo,
451 2655 529 2714 ”⁸in
542 2656 704 2734 scripturis,
720 2652 886 2734 potestatem
900 2658 1128 2716 etauctoritatem
1141 2657 1252 2734 signifi·
1279 2690 1289 2697 -

72 2765 178 2823 cantes,
193 2755 370 2827 confirmant.
411 2754 456 2827 De
471 2754 605 2830 petitione
619 2748 710 2813 effusa
723 2756 757 2812 ab
768 2756 924 2832 Apostolis,
935 2755 981 2812 vel
995 2756 1058 2813 aliis
1071 2754 1252 2827 Ecclesiaste·

72 2844 139 2911 enm
158 2851 298 2927 judicium
320 2850 527 2918 exercentibus,
540 2850 607 2908 licet
625 2851 766 2927 explicare
788 2869 852 2924 qse
872 2851 907 2908 de
929 2850 1056 2915 oratione
1076 2841 1253 2909 ciendidnda

72 2950 234 3016 dictasunt,
250 2966 326 3015 nam,
339 2948 380 3005 uti
394 2947 590 3006 animadvertit
609 2948 836 3031 Roseirmueller,
859 2956 878 2985 ⁴⁴
891 2940 1039 3009 manifesta
1052 2957 1100 3006 est
1109 2948 1257 3006 connexio

72 3062 138 3105 cum
152 3046 344 3122 superioribus
356 3065 363 3101 ι
373 3046 462 3118 ·qu0d
476 3047 523 3107 hic
536 3041 685 3115 solveritis,
698 3047 727 3105 in
742 3047 812 3105 celo
820 3046 948 3105 solutum
962 3046 1041 3120 erit.⁸
1067 3044 1159 3105 Adest
1165 3044 1255 3124 igitur

73 3135 347 3207 Christua'duobus,
367 3141 412 3198 vel
437 3143 535 3210 tribus,
559 3160 610 3200 sua
630 3144 800 3202 auetontatc
812 3144 998 3220 congregatis,
1019 3140 1136 3200 exaudit
1155 3160 1253 3203 corum

72 3258 171 3320 preces
186 3251 216 3298 ut
224 3238 281 3297 'rite
292 3238 403 3296 valeam
415 3248 467 3296 suo
479 3239 558 3315 fungi
573 3236 706 3308 munere}
722 3250 750 3297 et
760 3240 853 3298 firmat
866 3241 895 3299 in
904 3230 979 3297 cells
995 3257 1057 3312 que
1066 3238 1253 3297 decreverint.

73 3340 216 3399 Cretenrm
230 3354 320 3411 quum
330 3334 464 3393 doctrinae
479 3335 638 3412 depositum
649 3354 707 3393 non
721 3335 890 3394 duobus'rel
902 3336 988 3394 tribus
1003 3337 1040 3393 sit
1053 3336 1252 3405 commissum,

68 3438 123 3498 ¹sed
136 3438 232 3504 caetui,
243 3435 398 3513 presertim
412 3448 480 3492 veru
499 3435 561 3512 ejus
571 3422 676 3510 capiti,
688 3444 758 3501 suae'
767 3435 937 3492 auctoritatis
956 3434 1060 3497 limites
1082 3433 1257 3492 excederent

72 3536 128 3594 duo
150 3537 196 3594 rel
216 3546 271 3593 tres
293 3533 445 3601 Presules,
468 3533 517 3606 qui
538 3533 642 3593 vellent
661 3522 854 3591 definitionem
876 3518 1034 3590 solemnem
1055 3531 1136 3601 fidei,
1149 3531 1252 3590 ederet

72 3632 194 3713 ideoque
206 3652 264 3691 non
279 3641 395 3709 possent
408 3630 462 3689 sibi
476 3641 552 3689 certo
565 3631 693 3708 polliceri
707 3630 775 3688 illud
790 3629 927 3688 auxilium
939 3650 995 3703 quo
1007 3631 1041 3687 ab
1053 3624 1164 3688 errandi
1180 3629 1252 3706 peri·

73 3729 138 3787 culo
155 3738 331 3787 servarentur
341 3749 357 3786 ι·
370 3729 499 3802 quamvis
513 3720 682 3801 ceteroquin
696 3727 829 3796 valerent,
844 3744 881 3787 ex
895 3728 986 3804 ipsius
999 3714 1200 3804 promissionis
1213 3726 1252 3793 ri,

72 3846 135 3909 que
149 3827 221 3885 intra
234 3846 292 3886 sua
307 3829 476 3886 auctoritatis
490 3829 593 3886 limites
609 3826 833 3904 aggrederentur.
874 3826 1038 3884 Concilium
1052 3836 1146 3883 autem
1162 3826 1255 3884 (Ecu-

72 3924 215 3983 menicum
229 3943 294 3982 vere
308 3926 338 3983 in
353 3925 461 3982 Christi
475 3926 590 3982 nomine
604 3934 797 4002 congregatur,
812 3933 840 3982 et
859 3922 990 3980 divinum
1009 3923 1141 3999 iruplorat
1154 3923 1266 3980 lumen'

72 4021 108 4079 ad
128 4038 237 4091 eaquae
258 4021 413 4098 Episcopis
432 4021 614 4081 custodienda
633 4032 661 4079 et
675 4020 835 4079 definienda
850 4030 916 4078 sunt
935 4020 1106 4078 commissas
1129 4019 1254 4093 ideoque

74 4118 206 4177 Christus
220 4116 255 4173 iis
269 4116 357 4187 adest,
369 4120 454 4177 Pater
466 4138 563 4177 eorum
577 4119 691 4178 exaudit
704 4118 967 4197 preces,'ligaturin
981 4117 1050 4175 caelo
1060 4116 1137 4190 quod
1151 4117 1252 4195 ligant,

117 4323 129 4379 l
159 4328 220 4377 Mat.
232 4325 298 4375 xviii
308 4326 348 4376 Ξιιι.

104 4333 141 4475 ιῖι
158 4413 228 4462 Μιιι.
240 4408 325 4458 xxviii
335 4411 374 4459 20
407 4413 514 4478 Utroque
526 4413 580 4463 loco
591 4414 700 4465 occurrit
710 4414 794 4463 eadem
807 4411 921 4479 loquendi
933 4411 1013 4462 rano
1007 4430 1069 4466 stro
1087 4410 1161 4476 traps„
1188 4409 1253 4466 sicel

70 4495 120 4558 ιμιι
132 4495 206 4559 ιιιμιι.

76 4579 142 4642 (3)
160 4581 191 4631 ln
202 4582 308 4663 locum.
394 4620 398 4626 .
