2738 5032
399 259 456 320 DE
476 259 697 320 EOGLESIAE
719 252 917 321 UNl'l'h'l'E.
1195 258 1252 319 tat

68 434 160 476 unum
174 419 325 495 baptisma«
364 418 447 479 Unus
461 418 540 478 Deus
554 428 583 477 et
596 418 680 477 Pater
692 418 865 477 omnium.”¹
904 418 949 479 De
961 418 1077 480 Christo
1088 414 1123 479 ad
1136 418 1260 478 Patrem-

75 514 245 573 asceudenta
259 515 341 574 dicit:
365 524 385 552 ‘⁶
395 517 457 592 ipse
471 515 548 575 dedit
562 515 698 588 quosdam
710 514 824 588 quidem
836 516 997 592 Apostolos,
1008 516 1145 591 quosdam
1157 525 1251 575 antem

70 610 241 688 Prophetas,
256 612 328 670 alios
341 611 408 677 verd
430 612 636 690 Euangelistas
658 611 728 670 alios
751 623 843 670 antem
865 622 991 689 pastores
1009 624 1039 672 et
1056 613 1197 682 doctores,
1214 610 1251 671 sd

67 702 341 767 consummationem
372 709 538 767 Sanctorum
551 709 581 767 iu
595 720 669 784 opus
681 708 846 777 ministerii,
856 708 885 767 in
898 708 1109 769 edificationem
1123 709 1250 787 corporis

71 802 197 863 Christi:
219 804 312 865 donec
325 825 503 875 occurramus
514 822 614 864 omnes
624 806 654 863 in
664 806 799 864 unitatem
812 805 889 874 fidei,
901 815 930 864 et
939 807 1088 883 agnitionis
1103 808 1169 867 Filii
1182 806 1249 874 Dei,

71 898 206 959 invirum
220 899 386 976 pertesum,
401 902 605 981 inmensorum
625 901 713 959 atatis
734 900 916 976 plenitudinis
931 900 1049 970 Christi,
1063 912 1095 961 ut
1111 904 1172 980 jam
1191 918 1250 963 nott

72 993 160 1052 simus
174 995 286 1071 parvuli
300 996 484 1064 fluctuantem
490 1007 519 1055 et
532 996 761 1075 circumferamur
773 997 851 1055 omni
865 1006 954 1056 vento-
962 997 1094 1057 doctrine
1107 998 1137 1058 iu
1150 999 1250 1072 neqni-

72 1089 280 1160 tishoaainnm,
291 1092 322 1151 in
332 1093 432 1151 maida
442 1088 477 1151 ad
491 1092 757 1152 circumventionem
771 1092 921 1151 erroris.”¹
958 1093 1039 1152 Fidei
1053 1095 1137 1172 igitur
1146 1097 1249 1165 unius,

73 1184 159 1243 instar
172 1184 231 1243 Dei
251 1186 375 1269 unitatis,
390 1207 448 1247 non
467 1187 588 1247 admittit
598 1183 780 1256 divisionem,
793 1187 845 1246 sed
864 1206 978 1247 omnem
991 1189 1063 1248 tollit
1079 1191 1250 1261 varietatem,

74 1281 107 1339 ita
117 1280 241 1340 ut'hand
254 1284 375 1360 amplius
388 1284 618 1344 circumferamur
629 1284 709 1343 0ωηί
723 1295 808 1345 veum
821 1284 964 1355 doctrinae,
975 1304 1028 1346 nec
1038 1286 1128 1345 simas
1142 1288 1251 1364 parsuli

75 1375 251 1439 lluctaantes.
279 1379 358 1439 -Jam
377 1379 444 1439 verd
465 1381 554 1454 liquet
575 1364 650 1440 hanc
670 1390 798 1440 consere
818 1400 877 1443 non
897 1401 983 1460 posse
1003 1401 1068 1442 cnm
1088 1383 1250 1462 dogmatum

72 1490 315 1550 quorumcumque
334 1477 484 1537 discordia.
533 1477 565 1536 ld
585 1478 720 1555 colligere‘
736 1487 779 1536 est
797 1497 910 1553 quoqne
928 1478 1020 1539 exeo
1042 1479 1118 1554 qnod
1138 1482 1173 1540 ad
1193 1480 1253 1541 00·

73 1567 192 1629 rinthios
202 1560 321 1640 scribit:
362 1573 520 1633 “Obsecro
537 1583 629 1632 autem
643 1591 694 1630 vos
714 1573 812 1633 fratres
823 1593 1005 1651 per-nomen
1024 1575 1142 1635 Domini
1161 1577 1251 1651 nostri

73 1664 141 1751 Jeep
155 1666 278 1738 Christi,
292 1679 323 1728 ut
342 1668 466 1748 idipsum
487 1670 586 1729 dicatis
606 1687 716 1738 omnes,
730 1681 760 1727 et
772 1687 831 1728 non
850 1671 908 1729 sint
929 1671 959 1730 in
978 1673 1060 1731 vobis
1079 1674 1249 1733 schismatst

75 1762 243 1847 sitisautem
262 1765 383 1843 perfecti·
400 1767 430 1826 in
442 1765 543 1826 eodsm
556 1776 653 1835 sensu',
667 1775 696 1824 et
709 1766 738 1824 in
751 1764 851 1824 eadem
868 1767 1052 1835 seutentia.”⁸
1090 1769 1174 1828 lianc
1187 1785 1252 1829 seu·

74 1860 223 1935 antissam
242 1862 433 1932 concordiam,
447 1864 525 1923 0ωηί
545 1864 648 1922 evitato
667 1851 830 1931 schismate,
845 1862 940 1923 resciri
954 1861 998 1921 ad·
1007 1866 1202 1925 contentiones
1215 1864 1252 1924 de

75 1958 130 2017 suis
144 1958 177 2017 in
197 1958 255 2018 lide
276 1961 417 2039 magistris
439 1961 528 2035 liquet
551 1979 588 2021 ex
608 1961 747 2020 versiculo
767 1962 915 2035 sequenti:
936 1961 988 2019 sed
1007 1962 1251 2021 eo'vehementius

73 2055 264 2115 contentiones
285 2055 450 2133 hujusmodi
471 2055 615 2141 euitandas
639 2058 749 2115 censuit
769 2056 935 2133 Apostolus,
955 2055 1035 2130 quod
1050 2057 1210 2115 schismatis
1223 2067 1254 2115 et

74 2152 172 2211 enoris
180 2162 279 2211 contra
287 2153 372 2212 fidem
382 2153 508 2230 periculo
515 2172 573 2213 non
582 2164 726 2222 vacarent;
738 2154 781 2223 uti
788 2173 826 2211 ex
833 2153 940 2213 duabus
949 2172 1020 2228 quas
1028 2155 1142 2231 scripsit
1150 2153 1185 2212 ad
1194 2152 1252 2213 Co·

74 2248 190 2319 riuthios
203 2234 337 2326 epistolas
351 2251 475 2333 perspici
488 2259 590 2327 potest.
632 2249 752 2308 Constat
765 2250 849 2327 igitur
857 2252 1057 2310 sententiarum
1072 2251 1250 2311 concordiam

76 2355 101 2405 st
109 2346 248 2405 unitatem
260 2347 348 2424 exigi,
360 2366 455 2421 quarn,
468 2346 541 2413 Jesn
551 2346 659 2404 Christi
669 2346 785 2406 nomine
796 2346 958 2405 solemniter
968 2348 1107 2416 invocato,
1119 2349 1250 2408 inculcat.

108 2441 157 2503 td
171 2442 356 2509 Timotheum
379 2429 546 2531 episcopum
567 2443 704 2511 scribens,
724 2442 849 2501 hortatur
867 2461 933 2501 eum
946 2453 978 2504 ut
996 2443 1100 2502 bonam
1121 2444 1250 2507 militiam
1283 2438 1290 2449 ⁸

68 2537 190 2609 'militate
213 2546 233 2575 ‘⁴
245 2539 352 2602 habens
365 2539 462 2618 fidem,
476 2549 505 2597 et
517 2541 620 2598 bonam
633 2532 845 2605 conscientiam,
856 2557 942 2612 quam
955 2538 1070 2611 quidam
1083 2541 1250 2617 repellentes

76 2635 145 2711 eirea
158 2634 249 2697 fidem
260 2636 508 2714 naufragaveruntr
533 2637 685 2709 exquibus
699 2646 743 2694 est
763 2635 940 2712 Hymenaeus
952 2645 982 2693 et
991 2637 1163 2706 Alexander,
1177 2655 1249 2711 quos

76 2732 172 2791 tradidi
196 2733 317 2801 Seiana,
337 2743 369 2790 ut
386 2732 494 2791 discant
514 2751 571 2791 non
592 2730 841 2808 blasphemare’l*
874 2731 969 2789 Altera
987 2733 1107 2808 epistola
1126 2751 1249 2791 errorem

76 2847 129 2902 quo
142 2829 267 2889 irretitus
280 2841 325 2888 est
344 2830 522 2913 Hymenaeus
536 2829 681 2905 designat:
724 2829 855 2907 “Sermo
873 2845 971 2885 eorum
987 2837 1018 2884 ut
1031 2844 1130 2886 cancer
1143 2830 1248 2906 serpit:

76 2925 228 2999 exquibus
248 2935 292 2982 est
312 2924 489 3001 Hymeuaens
509 2933 540 3001 et
557 2923 696 2999 Philetus,
711 2923 760 2995 qui
774 2941 790 2978 a
803 2921 917 2978 veritate
936 2920 1109 2992 exciderunt,
1124 2922 1249 2983 dicentes

74 3021 305 3105 resurrectionem
319 3022 387 3098 ,jam
412 3039 475 3081 esse
500 3020 611 3087 factam,
635 3030 664 3077 et
689 3020 883 3081 subverterunt
906 3019 1091 3091 quorumdam
1117 3020 1251 3080 fidem.'’³

75 3115 162 3176 Error
174 3116 259 3194 igitur
272 3117 440 3193 respiciebat
453 3115 688 3173 resurrectionem·
699 3125 871 3173 mortuorum
887 3104 1018 3182 futuram,
1032 3134 1118 3188 quam
1131 3116 1250 3195 denega·

75 3224 145 3273 nint
158 3206 347 3289 Hymenaeus¹
357 3212 470 3285 aliique,
484 3213 596 3270 unicam
616 3210 850 3269 resurrectionem
869 3221 1062 3287 agnoscentes,
1077 3213 1249 3288 spiritualem

74 3311 179 3369 scilicet
199 3328 262 3383 quae
281 3310 341 3386 jam
361 3310 503 3385 baptismo
525 3319 569 3366 est
589 3308 670 3367 facta.
712 3307 869 3364 Hic-error
890 3306 994 3376 Deum,
1009 3307 1054 3365 vel
1076 3308 1248 3367 Salvatorem

67 3404 187 3467 'directe
198 3424 262 3473 non,
276 3405 410 3482 respexit,
425 3416 454 3463 et
465 3404 583 3481 proinde
597 3406 646 3462 vix
665 3414 763 3480 posset
783 3403 984 3462 essentialibus
1005 3410 1056 3461 se'u
1065 3401 1250 3487 'fundamen

74 3500 182 3561 talibus
196 3501 384 3597 dogmatibus
395 3503 478 3578 juxta
491 3482 709 3577 Protestantiiim
723 3500 833 3576 placita,
845 3497 1001 3557 accenseri,
1037 3501 1168 3559 Attamen
1182 3501 1249 3559 fidei

51 3626 58 3632 ·
75 3601 226 3673 salutisque
241 3599 419 3678 dispendium
434 3600 558 3669 attulisse
573 3595 856 3674 exrlpostoli'verbis
870 3599 987 3656 omnino
1000 3608 1117 3673 constat.
1224 3623 1227 3633 ¹

111 3696 158 3755 De
189 3697 340 3755 hereticis.
360 3697 501 3764 omnibus,
532 3696 609 3754 nullo
640 3695 712 3753 facto
743 3688 920 3765 discrimine,
945 3695 1043 3752 scribit
1076 3695 1181 3754 Paulus
1213 3696 1248 3756 ad

80 3791 188 3859 Titum,
210 3795 376 3871 episcopum
407 3790 591 3877 Cretensem:
627 3792 819 3873 “hereticum
849 3791 993 3849 hominem
1021 3804 1086 3868 post
1108 3812 1193 3852 unam
1221 3804 1250 3855 et

80 3880 229 3969 secundam
251 3891 455 3967 eorreptionem
477 3890 586 3947 devita:
608 3889 701 3947 sciens
721 3891 788 3962 quia
806 3888 956 3945 subversus
978 3896 1022 3945 est
1043 3889 1248 3966 qui-ejusmodi

80 3996 128 4054 est,
139 3997 167 4047 et
177 3986 326 4058 delinquit,
338 4005 403 4044 cum
414 3988 450 4044 sit
461 3987 574 4064 proprio
583 3985 693 4062 jndicio
704 3983 937 4045 condemnatus.”
970 3983 1074 4057 Liquet
1086 3985 1247 4045 haereticum

82 4082 371 4157 quemquescilicet,
388 4082 470 4159 juxta
480 4086 538 4142 vim
558 4083 646 4151 vocis,
665 4100 732 4140 suos
753 4101 853 4141 sensus
874 4079 1089 4157 ante'poneutem
1110 4083 1247 4140 Ecclesia

82 4173 220 4247 doctrinae,
230 4177 408 4237 devitandum
420 4197 483 4237 esse
492 4198 508 4236 a
517 4178 682 4256 presulibus
693 4178 841 4247 Ecclesia,
851 4173 900 4235 seu
910 4170 1120 4267 eliminandum,
1132 4190 1160 4237 et
1170 4180 1247 4238 otnni

148 4456 158 4465 „
266 4403 524 4489 sampsae-
637 4438 640 4444 >
698 4418 706 4428 ··
762 4398 999 4488 (amnites

297 4507 333 4570 (a)
351 4507 387 4557 11.
397 4523 419 4557 v.
432 4508 469 4557 11.
480 4514 504 4556 et
514 4522 563 4571 seq.
758 4510 794 4571 (1)
811 4508 1017 4560 1111110111.

301 4590 340 4652 (a)
354 4591 375 4641 1.
385 4591 441 4641 cor.
454 4590 524 4640 nro.
760 4592 797 4655 (0)
811 4588 863 4642 me
875 4592 924 4642 111.
937 4592 974 4641 ru.
1008 4636 1011 4641 .
