2738 5032
429 237 485 299 DE
507 234 733 297 TRlBUNAhl
753 233 995 297 DOCTRthE.
1241 240 1300 299 m
1356 288 1367 299 .

123 395 226 471 agitari
245 405 376 474 poterunt
395 398 566 472 questiones
580 414 728 470 quousque
748 394 958 472 Episcoporum
972 412 1129 454 consensus
1144 392 1178 451 ad
1199 392 1302 471 judicii

126 492 272 553 Pontificii
285 496 443 554 firmitatem
458 484 631 568 requiratur3
649 492 699 550 sed
713 503 791 550 extra
811 493 1027 550 controversiam
1036 511 1105 550 esse
1122 490 1215 560 debet,
1225 490 1301 569 judi·

122 590 202 649 cium
214 582 312 651 acaetu
326 588 581 670 Episcoporum'ex
589 593 721 650 universo
733 590 799 648 orbe
810 588 960 666 prolatum,
973 589 1110 648 Pontifice
1123 589 1167 647 rel
1176 600 1299 657 auctore,

118 686 170 745 sel
191 689 383 758 confirmante,
398 707 455 762 quo
474 672 586 748 nullum'
603 689 632 746 in
654 686 786 746 Ecclesia
809 686 965 745 solemnius
988 698 1041 755 est,
1057 687 1178 763 Spiritus
1200 686 1299 745 Sancti

43 824 47 835 ,
121 787 227 845 muniri
241 788 412 846 auctoritate.

168 883 233 963 otj.
249 891 278 944 3.
301 886 423 945 Consilii
433 887 463 944 N
464 886 548 947 icaeni
556 886 703 944 auctoritas
715 884 867 942 infallibilis
882 902 940 941 non
950 892 994 941 est
1004 884 1107 961 agnita,
1119 885 1180 961 ejus
1192 885 1301 943 scilicet

123 978 283 1040 definitioni
297 983 411 1059 plurimi
424 984 583 1042 restiterunt
596 982 745 1059 Episcopi,
760 990 789 1039 et
808 981 883 1038 varia
896 979 1019 1039 adhibita
1031 991 1107 1048 sunt,
1123 1001 1173 1058 per
1186 982 1300 1059 longam

122 1095 263 1136 annorum
277 1079 389 1147 seriem,
404 1080 566 1146 tentamina,
580 1078 615 1137 ad
626 1078 805 1137 concordiam
819 1077 1016 1137 reducendam.
1056 1074 1217 1137 Orthodoxi
1231 1096 1301 1138 non·

120 1170 196 1231 nulli
208 1172 348 1251 Episcopi
360 1193 461 1234 vocem
475 1195 492 1233 a
506 1172 633 1233 Nicmnis
648 1174 776 1233 Patribus
795 1173 957 1242 adhibitam,
978 1185 1119 1247 tamquam
1133 1173 1200 1233 fidei
1214 1185 1301 1233 tesse-

119 1284 195 1342 ram,
218 1273 332 1343 ὅμουσιω,
354 1271 538 1331 deserendam
566 1273 722 1350 cupierunt
763 1272 849 1331 Plura
876 1272 1010 1350 deinceps
1039 1289 1207 1351 congregata
1233 1284 1300 1333 sunt

123 1365 266 1434 Concilio,
281 1378 310 1426 et
322 1368 389 1426 fidei
409 1366 538 1428 formulae
551 1367 720 1436 sunt'editoe,
735 1386 805 1445 voce
826 1368 874 1425 illa
887 1369 1003 1426 omissa.
1045 1368 1129 1436 Quod
1150 1370 1173 1426 si
1192 1378 1300 1427 certum

121 1462 200 1539 apud
214 1481 312 1522 omnes
326 1463 427 1531 fuhset
442 1463 624 1540 principium,
638 1461 831 1521 definitionem
846 1462 970 1521 Concilii
985 1460 1167 1522 OEcumcuici
1189 1480 1253 1522 esse
1267 1464 1301 1521 ab

119 1559 203 1618 omni
223 1560 326 1619 erroris
347 1560 473 1637 periculo
497 1559 664 1626 immunem,
680 1569 707 1616 et
723 1576 866 1617 summum
881 1558 1020 1617 Ecclesiae
1039 1560 1190 1637 judicium,
1205 1559 1300 1619 nullus

121 1664 166 1715 tot
178 1657 254 1715 tricis
268 1659 469 1731 conatibusque
490 1657 591 1715 suisset
610 1656 703 1714 locus.
741 1654 786 1713 De
808 1654 947 1713 Conciliis
971 1657 1101 1715 omnibus
1126 1659 1210 1715 rerba
1229 1642 1301 1733 qnae

95 1830 99 1837 Ι
121 1748 300 1831 Augustinus
309 1754 344 1813 do
359 1753 388 1813 N
390 1755 480 1821 icaeno
494 1754 617 1833 protulit,
633 1761 752 1830 possunt
765 1751 839 1810 diciz
863 1760 882 1789 ‘⁴
893 1753 956 1810 Nec
970 1771 1024 1829 ego
1036 1754 1196 1824 Nicaenum,
1209 1775 1263 1815 nec
1273 1767 1303 1814 tu

119 1847 211 1908 debes
231 1850 421 1927 Ariminense,
442 1862 584 1926 tamquam
606 1851 818 1929 praedicaturus,
833 1850 957 1927 proferis
977 1848 1158 1922 Concilium
1178 1872 1231 1927 nec
1249 1871 1304 1931 ego
1368 1839 1369 1850 ³

119 1945 210 2024 hujus
221 1951 393 2018 auctoritate,
407 1958 460 2008 hcc
474 1961 503 2009 tu
517 1951 591 2009 illius
605 1950 763 2008 detineris!
833 1959 836 1964 '
1068 2004 1071 2011 .
1279 2006 1283 2011 .

49 2122 52 2127 Ι
164 2042 253 2121 Resp.
275 2045 379 2122 Agnita
392 2057 436 2103 est
448 2045 563 2118 quidem
574 2066 591 2113 a
602 2044 758 2104 Catholicis
773 2045 897 2104 Concilii
912 2045 1024 2104 Nicaeni
1039 2046 1196 2106 veneranda
1209 2057 1238 2108 et
1257 2049 1300 2108 in·

119 2140 251 2200 sellibilis
265 2141 427 2208 authoritas,
443 2160 506 2214 quae
517 2141 582 2200 inde
602 2152 677 2218 patet
690 2141 776 2215 quod,
791 2143 864 2200 inter
877 2152 920 2201 tot
931 2144 1035 2211 turbas,
1051 2156 1080 2203 et
1100 2156 1216 2205 conatus
1231 2140 1302 2205 adeo

36 2302 43 2321 ι
121 2237 296 2313 multiplices
310 2247 339 2295 et
351 2237 484 2296 s'ubdolos
494 2239 786 2306 Arianorum,mansit
798 2237 846 2301 illa
855 2239 922 2298 fidei
937 2241 1085 2299 tesserahd
1099 2254 1195 2301 nostra
1210 2262 1300 2318 usque

104 2338 260 2417 tempora.
303 2334 355 2392 Nil
368 2334 469 2394 mirum
484 2328 561 2409 quod
574 2354 632 2395 non
645 2334 739 2393 statim
754 2336 944 2408 acquieverint
964 2338 1063 2397 erroris
1084 2339 1218 2409 lautores,
1233 2341 1300 2415 quia

56 2414 63 2427 ¹
119 2432 262 2509 speciosae
282 2425 410 2505 quaedsnr
430 2432 552 2491 rationes
573 2450 728 2506 numquam
742 2431 852 2500 desunt,
868 2430 970 2507 quibus
985 2453 1017 2492 se
1037 2436 1140 2513 injuria
1153 2436 1299 2499 damnatos

121 2529 280 2589 ostendant.
321 2529 410 2587 Fraus
424 2530 524 2608 risque
537 2529 705 2597 Arianorum
717 2530 861 2590 nonnullis
876 2530 1050 2591 Orthodoxis
1071 2533 1225 2613 Episcopis
1246 2537 1302 2611 suit

120 2626 235 2693 occasio
249 2625 363 2684 dolendi
377 2645 476 2685 rocem
490 2624 654 2695 adhibitam,
668 2646 731 2701 qure
751 2638 833 2686 tantae
848 2627 995 2686 discordie
1016 2629 1106 2686 lomes
1127 2631 1298 2692 habebatur:

122 2719 178 2779 sed*
194 2739 279 2780 nemo
293 2719 476 2780 Orthodoxus
491 2720 632 2779 dubitabat
645 2721 748 2798 dogma
760 2741 796 2779 ea
809 2741 879 2780 voce
899 2724 1073 2781 enuntiatum
1087 2742 1151 2782 esse
1165 2718 1300 2786 divinitu's

84 2866 88 2873 ,
123 2816 266 2877 traditum.
308 2806 404 2897 f‘lloc
424 2817 500 2885 est,’'
521 2816 665 2896 inquiebat
683 2812 869 2895 Augustinus,
892 2817 992 2877 “illud
1013 2818 1204 2888 Homousion,
1226 2823 1303 2895 quod

123 2915 155 2974 in
164 2914 297 2974 Concilio
311 2913 341 2972 N
343 2914 432 2972 icreno
446 2912 581 2973 adversus
595 2912 742 2971 haereticos
756 2912 876 2970 Arianos
892 2911 1048 2977 Catholicis
1058 2902 1189 2974 Patribus
1202 2918 1300 2977 verita.

123 3012 159 3070 tis
171 3011 345 3080 auctoritate,
361 3020 390 3069 et
409 3009 580 3069 auctoritatis
594 3009 709 3069 veritate
730 3006 872 3067 firmatum
886 3008 977 3068 est.''⁸
1016 3012 1129 3082 Noluit,
1145 3023 1249 3085 tamen,
1261 3016 1301 3076 'in

123 3109 326 3188 disceptatione
348 3128 414 3168 cnm
439 3108 544 3168 Ariane
568 3127 602 3169 ea
615 3108 776 3177 auctoritate
790 3108 851 3176 uiti,
866 3127 902 3167 ne
925 3096 1065 3171 videretur
1090 3125 1185 3188 petere
1200 3117 1303 3193 princi·

123 3208 214 3286 pium,
229 3225 317 3281 quum
331 3207 435 3265 Ariani
444 3205 605 3265 Concilium
619 3205 777 3282 legitimum
791 3205 880 3265 luisse
894 3219 1035 3285 negarent.
1077 3209 1166 3286 Igitur
1176 3213 1303 3288 seposita

97 3370 102 3376 ,
121 3305 269 3378 utriusque
291 3303 415 3369 Concilii
430 3303 671 3372 auctoritate,rern
686 3302 898 3381 aggrediebatur
917 3305 1022 3381 peritus
1034 3288 1082 3364 ille
1091 3306 1230 3383 dogmatis
1249 3308 1303 3366 Ni·

112 3402 197 3479 ¹eueni
221 3393 337 3470 vindex,
358 3399 428 3459 illud
452 3399 555 3458 divinis
578 3399 961 3477 probaturusdocumentis:
990 3413 1073 3479 prout
1093 3413 1301 3462 consueverunt

124 3496 255 3557 hodierni
277 3496 429 3574 Theologi,
444 3495 576 3573 dogrnata
597 3481 763 3553 Tridentina
776 3496 866 3572 ipsius
879 3496 1003 3555 Concilii
1024 3498 1184 3563 auctoritate
1200 3498 1301 3558 frustra

122 3607 220 3656 contre
233 3597 454 3669 Protestanticos
468 3596 619 3671 scriptores
634 3590 799 3652 defensuri.
814 3578 911 3662 ‘Quod
925 3608 1018 3654 autem
1037 3596 1157 3655 concilia
1171 3599 1224 3657 alia
1234 3606 1304 3677 post

124 3695 282 3777 Nicrenum*
296 3704 393 3761 coacta
412 3694 479 3762 sint,
494 3693 662 3752 Asianorum
683 3692 736 3751 suit
748 3676 806 3750 arte
821 3692 971 3761 effectum,
987 3695 1046 3767 qui,
1061 3682 1162 3768 quo'vis
1183 3700 1301 3771 quaesito

77 3852 80 3857 ,
116 3803 271 3871 praetextu,
290 3790 461 3850 induxerunt
483 3789 684 3866 Imperatorem
710 3776 909 3847 Constarltium
926 3791 1138 3868 ut·Episeopos
1161 3793 1190 3852 in
1213 3814 1300 3855 unum
1328 3784 1337 3805 ⁶

83 3932 86 3937 ·
111 3872 254 3968 „cogerem
268 3908 353 3963 quam
367 3887 469 3965 agendi
479 3888 616 3969 rationem
630 3887 730 3947 merito
741 3887 783 3945 eis
798 3888 977 3965 exprobravit
989 3890 1160 3952 Athanasius
1174 3912 1182 3951 r
1205 3902 1225 3931 ‘⁶
1236 3894 1300 3961 Qua

122 3986 208 4065 igitur
221 3985 345 4053 audacia,
360 3994 391 4042 ut
404 3993 469 4061 post
482 3983 550 4042 tanti
564 3984 677 4061 concilii
691 3985 892 4053 auctoritatem,
907 3984 1124 4062 disceptationes
1139 4000 1187 4047 aut
1207 3986 1299 4063 quaes·

125 4085 217 4144 tiones
231 4084 378 4153 instituant
386 4083 412 4139 Ρ
450 4081 529 4140 Dicit
541 4083 643 4141 etiam:
667 4083 793 4150 “Quum
815 4084 892 4142 nulla
905 4084 942 4140 sit
961 4085 991 4142 in
1003 4085 1154 4161 'Catholica
1169 4087 1298 4146 Ecclesia

119 4180 258 4260 Synodus
278 4177 465 4238 existimanda
487 4190 593 4263 praeter
606 4180 717 4238 unicam
740 4181 897 4249 Nicaenanr,
913 4199 976 4254 quae
997 4183 1124 4244 omnium
1145 4185 1292 4243 haereseou

318 4387 354 4448 (1)
370 4386 387 4435 l.
398 4385 421 4435 3.
432 4393 517 4437 conus
528 4386 659 4439 Maximin.
670 4404 692 4439 c.
701 4390 748 4440 xiv.

319 4471 355 4533 (2)
368 4466 471 4523 Ibidem.
644 4466 647 4471 ’

316 4558 355 4623 (3)
364 4559 389 4607 S.
402 4557 492 4607 Atlrau.
501 4558 531 4609 ad
541 4558 689 4623 Epictetum.
