2738 5032
83 277 143 335 Μ
370 276 426 337 DE
448 276 624 339 CANONE
644 278 983 339 SCRIPTUMRUM.

84 434 227 495 mutor.
268 435 410 495 Garum
424 438 601 515 gravissimis
621 438 827 515 suppositionis
851 437 1061 514 suspicionibus
1080 436 1178 512 urgeri
1199 433 1279 491 bunc

84 550 222 591 esnnmm
245 550 302 591 non
325 533 456 609 ignorant
475 533 587 599 eruditi.
609 535 690 591 abest
706 535 784 592 enim
797 552 814 591 a
827 534 1004 610 perantiquis
1017 532 1098 591 MSS
1112 530 1274 596 codicibus,

85 629 210 688 maxime
229 628 392 689 Oxoniensi
405 641 434 687 et
453 630 604 695 Thermo,
618 640 648 687 et
660 650 678 687 a
690 628 839 707 Synodion
853 631 957 689 Greco
971 630 1030 688 ΜΒ
1052 627 1276 694 Bmoocianne

84 726 184 787 codice
197 727 319 787 Arabico
331 728 350 786 J
351 728 453 806 orephi
468 728 603 805 AEgyptii
615 729 673 787 MS
687 729 869 806 Bodlejano.²
909 729 1050 788 Praeterea
1062 736 1160 784 veteru
1172 726 1273 784 Patres

84 840 194 881 canone
204 824 310 899 pravio
325 843 361 882 ne
375 824 404 882 in
419 823 558 881 Eccleaiis
573 823 678 897 aliquid
693 835 794 900 preter
806 824 957 883 eanonicus
970 825 1134 901 Scriptum
1145 823 1272 900 legatur:

83 928 195 979 eonem
206 934 302 979 autern
312 920 399 981 libros
413 920 702 979 Uectem-canonicos
715 921 821 993 ubique
834 922 865 979 in
878 920 1012 979 Ecclesia
1023 910 1084 978 tum
1099 919 1207 978 Graeca
1214 926 1271 976 mar

85 1012 252 1092 balimlegi
260 1018 462 1077 consuevisse:
484 1035 538 1075 nee
561 1015 723 1075 verosimile
736 1028 781 1073 est
793 1035 943 1085 canonem,
957 1017 984 1074 si
997 1034 1064 1075 vere
1085 1016 1162 1075 latus
1181 1016 1270 1082 fuerit,

83 1112 163 1173 edito
179 1115 317 1191 catalogo,
340 1114 419 1173 omni
439 1115 565 1172 caruisse
587 1114 701 1172 effectu.
742 1114 800 1172 Sed
813 1112 916 1173 &mus
936 1133 1004 1172 enm
1019 1132 1085 1175 esse
1095 1115 1267 1192 genuinnmt

85 1208 239 1271 dicendum
248 1213 302 1271 erit
314 1232 367 1271 eos
380 1211 455 1271 haud
468 1212 648 1269 recensuisse
662 1212 749 1288 hujus
762 1212 878 1271 concilii
891 1212 1001 1279 Patras,
1015 1211 1093 1284 qnod
1106 1196 1266 1271 teneone

85 1305 244 1367 Palestinae
255 1328 392 1366 mnonern
407 1327 466 1383 pre
478 1308 569 1365 oeulis
582 1306 741 1371 habuerint,
752 1327 817 1381 quic
830 1309 911 1385 origo
922 1308 976 1367 fnit
987 1308 1158 1367 nebclncm
1170 1308 1266 1381 quibus

85 1406 251 1483 Apostoliev
259 1405 371 1463 traditio
379 1404 519 1463 offnsoeta
526 1415 595 1463 erat.
617 1404 682 1463 Hac
691 1418 784 1465 antem
794 1407 822 1464 in
831 1404 1101 1465 renondudteomm
1112 1406 1165 1465 sed
1176 1406 1268 1465 Eccle-

82 1502 531 1577 sisrunr'perorbem,presertim
542 1500 882 1577 Apostolicamm,valere
891 1501 975 1560 debet
981 1496 1112 1570 traditi03
1121 1500 1269 1560 videndun

84 1599 195 1658 euticen
201 1598 269 1671 quid
281 1597 415 1656 Christus
423 1597 459 1656 de
469 1597 648 1665 iisdoeuerit,
658 1597 727 1671 quid
735 1598 877 1674 Apostoli,
884 1617 922 1657 ex
930 1598 1054 1674 Spiritus
1060 1598 1162 1657 Sancti
1168 1597 1268 1664 afflatu,

84 1696 225 1756 Ecclesiis
235 1714 307 1768 ques
322 1695 474 1753 [undarunt
482 1692 665 1755 tradiderint:
680 1695 709 1752 id
723 1706 816 1754 antem
832 1715 869 1757 ex
881 1696 1056 1767 testimonio,
1065 1707 1160 1755 moen
1174 1696 1267 1754 Eccle-

83 1797 190 1854 siarum
204 1794 359 1871 perorbem
371 1794 497 1851 maxime
510 1791 717 1865 exquirendum
731 1803 784 1851 est.
817 1793 949 1851 Profecto
962 1793 1121 1860 Barnabas,
1136 1792 1266 1853 Clemens

83 1894 243 1960 Romanus,
254 1892 389 1958 lrenaeus,
398 1892 586 1949 vetustissimi
595 1893 747 1966 scriptores
758 1891 803 1949 nsi
814 1891 927 1951 fuerant
935 1891 1073 1949 libris'bis
1084 1893 1177 1951 instar
1192 1903 1267 1951 cete·

84 2009 179 2051 ramur
198 1990 417 2065 Scripturarum,
440 1986 516 2060 quod
540 1986 665 2047 ostendit
677 1987 872 2063 Apostolieam
893 1986 1074 2049 traditionem
1099 1972 1209 2062 ubique
1230 1990 1267 2047 eir

86 2089 200 2154 favisse
222 2098 372 2158 antequam
395 2084 498 2143 Melite
522 2083 673 2143 sardensis
687 2085 741 2142 snb
764 2085 851 2145 dcem
866 2082 986 2142 mnndi
995 2084 1096 2143 seculi
1107 2085 1267 2144 Jndeoraru

84 2204 221 2245 mnonenr
247 2186 276 2241 in
300 2181 427 2241 medinm
449 2182 604 2258 protulerit.
646 2180 802 2241 Nonnullis
823 2181 953 2240 Patribus
968 2174 1130 2258 presertim
1152 2183 1265 2249 (imnis,

85 2281 221 2342 dubitatio
243 2280 279 2339 de
300 2293 465 2339 ceterorum
479 2279 614 2337 libiorum
628 2280 792 2337 anctoritate
803 2278 872 2345 inde
882 2289 945 2337 orta
956 2290 1011 2346 est,
1022 2278 1076 2337 sed
1089 2297 1266 2362 commanent

67 2374 70 2379 ’
85 2379 224 2438 Ecclesia
244 2377 433 2443 traditionem,
455 2390 484 2434 et
502 2377 559 2452 ipsi
574 2377 741 2451 plemmqus
762 2361 962 2449 sequebantur,
975 2394 1026 2434 eos
1040 2377 1131 2435 velati
1150 2377 1264 2444 dimaon

85 2476 234 2532 occasione
249 2474 321 2539 data,
334 2473 483 2531 laudando.
533 2471 718 2530 Vehementer
731 2480 831 2531 errand
841 2471 1042 2532 Protestcnter
1056 2472 1176 2534 Judaeov
1200 2476 1228 2535 in
1241 2493 1266 2533 re

71 2581 160 2629 'unta
173 2569 260 2627 duces
274 2580 303 2626 et
315 2569 464 2645 magstroe
476 2569 532 2626 sibi
541 2568 689 2644 eligentes,
703 2578 801 2626 contre
815 2570 906 2645 prima
918 2569 1088 2648 Religionis
1099 2571 1266 2631 Christiana

84 2668 247 2746 principie.¹
280 2666 388 2724 Mirum
403 2676 449 2723 est
461 2665 619 2725 Buruetum
633 2680 761 2729 asserere
769 2664 949 2725 Laodicenos
958 2684 1083 2727 canones
1094 2668 1267 2733 acatholica

85 2766 219 2826 Ecclesia
240 2775 431 2841 excepisset
454 2763 597 2823 Hernium
623 2762 652 2821 id
665 2775 811 2839 repetere:
832 2763 909 2836 quod
929 2765 1014 2825 enim.
1026 2765 1217 2841 ad'canonem
1234 2767 1265 2826 de

85 2882 144 2937 quo
157 2864 248 2939 agitur
256 2873 375 2938 spectet,
384 2861 556 2919 contrarium
569 2846 686 2923 omnino
699 2870 827 2919 constat!
842 2878 900 2921 nee.
909 2862 985 2919 enim
998 2862 1133 2923 hfrinana
1142 2865 1266 2923 Eeeleriv

85 2978 137 3017 sen
159 2960 298 3023 Manena,
321 2977 387 3017 curn
413 2968 569 3030 quamtus
592 2957 669 3015 orbis
697 2956 879 3015 Christianus
898 2958 1130 3019 communionem
1152 2962 1265 3028 screbat,

84 3053 201 3111 mnonis
224 3052 300 3109 illius
324 3053 352 3109 in
375 3056 462 3111 saeris
475 3053 555 3111 libris
572 3052 772 3129 dignoscendis
795 3053 892 3111 habuit
912 3053 997 3111 utam
1019 3055 1168 3115 mdortem
1209 3057 1266 3117 imo

84 3149 174 3226 Paley
189 3149 288 3207 fatetur
302 3148 407 3207 nullam
421 3149 497 3205 illiue
511 3149 646 3213 rationem
656 3150 780 3209 habitam
791 3171 808 3207 a
818 3149 1009 3225 Sciiptoribue
1019 3151 1266 3233 quibuscumque·
1284 3186 1287 3193 =

86 3249 160 3310 Vide
176 3268 261 3323 quam
273 3248 357 3326 longe
370 3248 449 3305 abeat
464 3259 494 3305 ut
506 3266 615 3307 canone
630 3248 679 3307 illo
692 3248 778 3306 totius
792 3248 933 3307 Ecclesiae
944 3248 999 3307 Dei
1013 3268 1118 3308 sensus
1132 3254 1266 3329 exprima-

86 3359 139 3408 tur.
181 3347 313 3407 Proiecto
341 3346 532 3405 Protestantes
557 3344 616 3441 'ipsi
643 3345 883 3405 canonem·illum
910 3365 968 3407 non
987 3358 1161 3420 ,sequunmn
1183 3368 1266 3423 quarn

118 3523 154 3589 (l)
171 3525 233 3575 Vide
244 3524 314 3587 Opas
326 3523 367 3573 eni
378 3522 465 3573 titulus
489 3520 619 3572 Auctoritas
645 3520 777 3588 Utriusque
794 3518 852 3572 tttrt
873 3519 982 3573 Maccui.
996 3521 1125 3575 Omvorvien
1142 3524 1265 3581 Μαίη

84 3606 187 3657 Vienna
198 3626 239 3659 an.
251 3608 320 3658 1749.
332 3625 355 3673 p.
366 3607 404 3657 tt).
465 3656 468 3667 ,
583 3666 586 3673 ,
837 3630 841 3641 ¹
868 3674 871 3679 Ι
941 3666 944 3671 ,
1142 3670 1145 3679 1

118 3693 154 3753 (2)
171 3696 185 3722 “
194 3692 289 3757 Saepius
307 3692 411 3741 miratus
422 3708 476 3741 eum
489 3676 653 3749 Rabhinieani
670 3688 867 3754 superstitionem
878 3690 1041 3754 complurium
1053 3690 1270 3754 heterodoxorum,

86 3772 129 3837 qui
140 3775 238 3827 unicam
250 3774 370 3839 regulam,
382 3774 411 3823 nd
424 3788 497 3837 quarn
511 3768 645 3838 exigendus
655 3780 720 3823 esset
730 3772 816 3822 Canon
832 3774 870 3822 V:
879 3758 1179 3840 Testamentl‚'ponebant
1189 3781 1216 3830 in
1226 3789 1269 3830 trt-

87 3857 178 3906 ditione
190 3856 339 3907 Judrnorum.
372 3857 480 3914 Quinam
499 3858 574 3920 igitur
592 3857 690 3905 fuerunt
702 3857 815 3920 magistri
826 3856 963 3911 Ecclesiael'
978 3856 1044 3907 Num
1057 3859 1184 3911 Rabbinil
1200 3868 1268 3912 Anne

87 3942 339 3992 narentanorum
356 3941 511 3989 „triturans
522 3941 698 3988 christanae*
716 3941 959 4006 neligentias.
972 3946 986 4000 s
999 3924 1159 4005 extenua

119 4024 158 4087 (3)
176 4022 319 4089 “Probably
331 4026 372 4074 the
384 4026 469 4073 dccroe
481 4023 510 4072 of
520 4025 569 4072 this
580 4024 683 4072 Council
695 4025 776 4072 rather
788 4026 898 4074 declared
910 4026 970 4074 than
987 4027 1113 4092 reguleted
1130 4030 1177 4079 tbc
1190 4030 1270 4095 public

86 4111 225 4179 judgment,
238 4122 266 4154 cr
277 4124 344 4157 nrore
356 4109 467 4172 properly
479 4107 599 4172 speaking
610 4108 650 4156 tho
665 4109 797 4172 judgnrent
813 4109 843 4158 of
853 4125 921 4158 some
941 4111 1124 4177 neighbouring
1139 4114 1270 4172 eburebss;

86 4197 128 4247 the
138 4189 241 4244 Couneil
254 4189 322 4238 itself
334 4193 470 4256 consisting
481 4192 511 4239 ni
522 4208 554 4239 no
568 4208 634 4240 more
647 4191 705 4240 than
725 4191 801 4256 thirty
813 4208 840 4240 or
851 4192 915 4256 forty
926 4192 1025 4256 blahnps
1036 4193 1067 4243 ef
1077 4194 1160 4259 Lydia
1171 4198 1220 4247 and
1230 4198 1270 4247 the

88 4274 355 4346 adjoiningeonntrics.
388 4276 440 4324 Nor
452 4276 509 4323 does
528 4276 559 4323 its
576 4277 699 4340 authority
711 4293 776 4325 eem
800 4286 825 4326 to
841 4277 1032 4327 haveextended
1054 4278 1163 4339 fnrther;
1180 4281 1218 4332 for
1235 4297 1271 4331 we

89 4363 139 4413 find
150 4374 283 4412 numerous
293 4357 419 4406 Christian
443 4358 544 4418 writers,
556 4360 617 4408 atter
632 4361 679 4408 this
691 4360 751 4409 time
768 4361 908 4426 discussing
918 4361 959 4410 the
969 4358 1090 4424 eumdem
1101 4365 1185 4414 'vebat
1195 4366 1279 4426 bools¹

93 4464 158 4498 vvere
175 4444 276 4495 entitled
288 4447 313 4489 to
326 4442 355 4489 be
367 4444 474 4491 received
487 4444 657 4508 asScriptnre,
668 4445 728 4493 with
740 4453 810 4509 great
822 4445 932 4495 treedom·
945 4462 1108 4517 upon-proper
1118 4451 1230 4514 &cunda
1245 4449 1273 4500 ol'

86 4531 209 4589 evidence,
219 4527 268 4579 and
280 4525 383 4576 without
393 4541 442 4590 any
453 4527 578 4577 reference
588 4535 613 4578 to
624 4529 665 4578 the
680 4529 789 4581 decisioni
806 4536 832 4578 at
853 4529 998 4585 [andioesfl
1031 4520 1116 4598 Palsy,
1135 4532 1273 4585 Evideneas

88 4615 119 4664 of
129 4615 220 4664 curat
231 4613 268 4663 oh.
281 4611 313 4662 ix.
325 4615 339 4672 ᾖ
352 4610 374 4659 li.
