2738 5032
280 303 460 365 LEGIBUS
481 301 801 363 PENTATEUGHO
822 300 1078 364 CONTENTIS.
1233 307 1272 362 tn

89 454 184 529 pluvia
196 460 295 529 instar,
305 461 437 531 demittit,
448 473 477 521 et
490 464 519 522 in
531 472 659 538 posteros
674 473 819 538 pareutum
832 461 933 537 delicta
943 463 1097 522 ulciscitur.
1139 462 1269 540 Str-agam

95 557 254 632 populorum
269 559 408 635 praecipit,
423 558 485 617 diro
499 578 548 616 eoa
562 548 736 635 persequens
749 558 943 627 anathemate:
966 559 1069 616 lurtum
1086 559 1271 635 rapinamque

95 653 188 711 sancit:
211 666 406 729 remuneratur
419 655 607 722 mendacium,
623 653 734 715 indurat
747 673 796 712 cor
810 654 945 723 hominis,
960 665 988 712 et
1001 654 1160 713 induratum
1176 666 1270 714 tamen

97 750 189 823 punit.·²

124 844 209 924 Rerp.
232 846 307 905 hd
300 849 452 926 maginem
477 848 532 906 Dei
555 848 641 906 homo
663 848 765 906 dicitur
778 848 877 917 sactus,
893 849 959 922 quia
973 848 1120 926 inspiravit
1139 849 1166 907 ei
1190 847 1269 908 Deus

93 941 177 1012 uitam,
191 946 315 1014 animam
327 946 436 1005 seilicet
447 947 648 1005 immortalem·
663 948 816 1005 animantia
828 947 933 1025 quippe
941 958 1040 1005 cetera
1048 947 1154 1004 ratione
1162 938 1268 1014 carent,

92 1051 114 1098 et
125 1042 243 1118 proinde
257 1044 331 1102 haud
352 1045 416 1103 Deo
432 1046 639 1122 assimilantur;
661 1045 819 1104 sedhomo
834 1047 941 1104 ratione
956 1045 1075 1122 pollens,
1091 1056 1119 1103 et
1133 1046 1163 1103 in
1178 1062 1270 1103 aarum

90 1140 217 1215 victurus,
241 1143 306 1202 Deo
329 1144 431 1202 similis
456 1155 509 1202 est.
550 1144 637 1203 Pium
658 1145 774 1219 quidem
793 1144 825 1219 ιιι
847 1145 1041 1204 Pentateucho
1065 1145 1151 1203 relata
1174 1143 1270 1205 Deum

87 1258 184 1316 corpus
206 1241 311 1300 hahere
333 1241 493 1303 riderentur
519 1244 678 1312 insinuare3
705 1243 756 1301 aed
783 1262 818 1301 ne
833 1246 875 1301 sio
900 1262 934 1301 ea
958 1244 1172 1320 interpretemur
1198 1243 1273 1301 eavit

88 1335 216 1413 Moyses,
232 1337 371 1396 israelitas
386 1358 505 1397 monens
525 1340 631 1399 nullam
651 1341 776 1417 speciem
793 1341 943 1408 visibilem,
958 1340 1064 1398 nullam
1079 1339 1209 1408 formam,
1224 1339 1269 1397 vel

86 1431 248 1511 imaginem,
270 1453 368 1519 eorum
389 1435 478 1495 oculis
494 1437 624 1504 oblatam,
640 1438 726 1495 Deo
719 1457 748 1494 tn
763 1449 858 1496 monte
879 1437 959 1495 Sinai
979 1455 1061 1495 suam
1075 1436 1271 1496 manifestante

87 1533 274 1607 presentiam.
276 1535 289 1567 ⁸
317 1532 395 1593 ldeo
406 1536 490 1592 etiam
500 1535 571 1592 illis
573 1547 617 1591 eat
627 1536 744 1592 vetitum
756 1554 791 1592 ne
803 1536 955 1613 imaginem
971 1536 1026 1594 sibi
1039 1534 1188 1594 colendam
1198 1535 1272 1594 faee-

86 1638 142 1687 rent
162 1629 205 1688 rei
227 1630 346 1707 alicujus
361 1651 423 1704 quae
439 1632 467 1689 in
482 1631 554 1690 coelo
574 1632 691 1698 luceret
705 1631 778 1688 rel'
772 1650 801 1688 ιιι
819 1632 899 1689 terris
913 1632 1063 1701 videretur,
1079 1633 1152 1690 vel'
1144 1651 1174 1691 rn
1188 1633 1270 1707 aquis

85 1737 198 1794 nataret,
213 1727 320 1809 quippe
335 1729 415 1786 Deus
430 1730 507 1789 nulla
519 1749 550 1788 re
564 1726 669 1790 visibili
690 1723 783 1806 potest
797 1728 934 1787 exhiberi.
977 1729 1060 1797 Quod
1075 1740 1166 1791 autem
1183 1732 1278 1807 instar¹

87 1825 252 1883 ambulantia
272 1837 338 1903 post
357 1826 504 1886 meridiem
520 1827 554 1886 ad
569 1846 665 1886 auram
680 1824 846 1904 capiendam
861 1825 948 1883 visus'.
954 1826 991 1885 ιιι
1003 1826 1083 1895 aldae,
1098 1828 1271 1898 factumest,

82 1921 181 2010 ppecie
193 1934 342 2000 assumpta
362 1924 495 1994 humana,
510 1935 542 1982 ut
555 1925 711 1987 collocutus
725 1942 790 1982 cum
805 1921 868 1980 Ada
888 1921 982 1981 delicti
1003 1923 1166 2000 gravitatem
1184 1943 1273 2000 expo·

84 2028 179 2106 neret:
201 2019 248 2077 vel
259 2019 371 2097 Angalo
385 2021 479 2098 potins
491 2021 644 2088 humanam
656 2021 754 2079 induto
768 2021 887 2079 sormam
902 2019 963 2096 ejus
978 2019 1055 2081 vices
1069 2029 1200 2097 gerente3
1215 2020 1272 2079 nisi

84 2096 191 2194 placeat
203 2114 361 2194 intelligere
373 2129 484 2177 textum
499 2117 541 2177 de
538 2139 620 2178 sono
635 2130 778 2192 ¹tarn'quam
793 2118 997 2177 deambulantis
1008 2117 1114 2187 audito,
1127 2137 1184 2192 quo
1195 2117 1272 2176 exci-

83 2220 153 2272 tatus
167 2223 214 2272 est
227 2213 319 2272 Adam
334 2214 429 2272 Deum
449 2216 544 2299 atatim
562 2215 718 2273 auditurua.·
759 2214 902 2272 Humanis
923 2215 1024 2291 igitur
1021 2216 1108 2298 utitur
1123 2215 1273 2274 locutioni·

82 2294 133 2381 hus
153 2310 280 2388 Moyses
293 2321 325 2368 ut
338 2310 433 2369 divina
447 2330 533 2403 opera
553 2312 635 2370 nobis
655 2321 775 2378 enarret,
791 2321 963 2387 quapropter
977 2311 1073 2369 Deum
1093 2292 1148 2369 sibi
1167 2331 1272 2390 propo-

84 2419 200 2467 nentem
222 2419 255 2466 ut
274 2410 309 2466 ab
331 2408 387 2467 alto
407 2388 540 2468 eelonrm
562 2409 666 2475 vertice
690 2408 875 2467 descenderet
894 2409 929 2468 ad
951 2394 1165 2472 confundendos
1182 2406 1285 2469 turrita¹

83 2503 170 2564 Babel
193 2504 389 2573 aedificatores,
404 2515 434 2563 et
451 2505 486 2571 ad
509 2506 637 2576 notitiam
660 2506 816 2564 facinorum
840 2502 1050 2563 Sodomitanrm
1072 2506 1163 2564 oeulis
1184 2506 1272 2565 veluti

83 2592 276 2672 hauriendam,
297 2602 427 2663 enhibet:
454 2624 517 2677 quae
540 2615 637 2662 tamen
658 2602 796 2681 Angelioo
819 2602 976 2660 ministerio
998 2614 1111 2680 peracta
1130 2603 1273 2663 censenda

83 2711 155 2759 sunt.
197 2701 293 2759 Simili
307 2699 344 2775 de
356 2721 441 2772 causa
454 2701 489 2759 dc
504 2701 568 2781 Deo
579 2720 610 2758 se
624 2701 776 2778 paenitente
791 2700 919 2777 iratoque
933 2699 1066 2771 loquitur,
1075 2702 1113 2759 'ut
1126 2720 1270 2760 summum

84 2797 178 2857 odium
193 2797 329 2855 adversus
343 2809 500 2875 peccatum,
516 2798 592 2870 quod
612 2796 683 2855 adeo
698 2795 800 2853 divina
815 2796 958 2860 sanctitati·
968 2806 1115 2871 repugnat,
1129 2806 1161 2853 ut
1180 2796 1272 2854 homi·

85 2896 127 2953 nia
141 2895 249 2958 conditi
270 2890 402 2969 orbisque
424 2897 513 2974 ipsius
534 2914 631 2953 secum
656 2894 745 2951 trahat
766 2893 887 2971 ruinam,
902 2891 1019 2968 perinde
1033 2911 1066 2950 ac
1080 2893 1105 2950 ιι
1126 2893 1222 2952 Deum
1235 2894 1271 2953 de

85 2993 196 3051 condito
229 2990 346 3052 homine
380 2994 535 3071 paeniteret
576 2992 666 3064 Aquae
697 2987 766 3075 rard
800 2989 948 3046 diluviales
968 2984 1040 3074 ‘gnon
1067 3009 1146 3050 coeco
1178 2992 1271 3052 lurore

86 3088 163 3148 sonte
191 3089 284 3169 unsa,
300 3089 363 3147 'sed
391 3101 517 3166 tempore
544 3098 658 3155 statuto,
687 3084 846 3164 postquam·
868 3086 1013 3145 innocenti
1045 3088 1121 3157 Noe,
1150 3089 1270 3166 ejusque

86 3183 158 3256 tiliis,
180 3198 210 3246 e't
233 3187 324 3265 ipsius
349 3186 461 3264 generis
486 3185 613 3254 humani,
639 3183 823 3244 animantium
849 3183 935 3241 etiam
959 3193 1134 3252 caeterorum,
1158 3204 1271 3257 conser-

61 3285 197 3352 uatioui,
223 3303 288 3342 arca
312 3283 456 3350 aedificata,
481 3283 642 3346 consultum
669 3291 761 3338 crat„
778 3278 942 3357 lgnisatiam
970 3279 1001 3337 in
1025 3280 1199 3357 pentapolim
1224 3281 1272 3340 de·

88 3380 202 3448 retrudit,
232 3388 299 3457 post
328 3380 449 3437 erimina
470 3363 626 3455 patefacta,
658 3376 776 3454 Angelis
797 3376 879 3453 ‘ipsis
914 3375 1039 3434 Sodoma
1071 3376 1270 3447 invisentibus,

88 3478 213 3553 quamvis
234 3477 295 3554 jan
318 3489 409 3534 antea
422 3476 579 3534 certissima
601 3473 704 3531 divinae
729 3470 817 3530 menti
840 3472 967 3549 cognita:
996 3472 1142 3553 oportebat
1161 3473 1271 3533 seilicet

46 3592 48 3599 ·
89 3582 115 3629 ut
132 3574 253 3652 insigne*
267 3573 437 3650 flagitiorum
457 3572 621 3648 exemplum
641 3569 800 3641 referretur,
822 3568 857 3626 ad
877 3566 1038 3641 equitatem
1051 3567 1147 3628 divini
1166 3570 1269 3647 judicii
1343 3616 1345 3620 -

90 3670 293 3730 vindicandam
334 3672 430 3729 Poenae
456 3679 636 3747 peccatorum
662 3656 875 3737 nonnumquam
900 3662 935 3720 ad
959 3674 1088 3741 posteros
1113 3677 1267 3738 transeunt,

91 3764 216 3832 divina
192 3786 235 3826 arc
255 3765 428 3843 disponente
445 3765 592 3845 sapientia,
605 3763 645 3822 ad
666 3760 847 3821 deterrendos
868 3760 999 3818 homines
1013 3782 1030 3817 a
1042 3775 1168 3838 peccato,
1183 3767 1268 3826 etiam

92 3863 207 3924 filiorum
222 3882 338 3974 auorum
352 3852 537 3975 dilectione:a
551 3857 602 3921 sed
616 3862 665 3935 qui
680 3862 844 3920 innocentes
859 3870 925 3917 sunt
937 3859 1010 3916 filii
1003 3860 1154 3936 impiorum
1170 3883 1268 3970 paren·
1325 3922 1328 3927 ,
1348 3933 1351 3937 ,

121 4162 153 4224 ll)
167 4162 256 4221 Peme,
268 4162 323 4226 Ago
335 4160 365 4208 of
375 4159 480 4217 Rmson,
492 4176 513 4222 p.
525 4158 565 4207 22.
575 4157 605 4206 tl
617 4163 642 4206 et
652 4157 750 4220 passim.

121 4243 153 4307 (2)
170 4237 348 4302 Vide,'Culmet
359 4242 384 4290 in
397 4242 431 4290 iii.
442 4237 505 4290 Gom
515 4241 537 4289 8.

122 4326 154 4389 (³)
170 4333 185 4357 “
193 4327 246 4376 Nec
257 4342 314 4375 vero
325 4341 364 4373 me
376 4325 439 4388 fugit
450 4340 523 4387 quam
534 4323 568 4371 ιιι
579 4322 702 4378 acerbum,
711 4316 838 4383 parentum
849 4318 941 4367 scelera
952 4318 1059 4369 filiorum
1070 4322 1147 4385 peanis
1159 4323 1193 4372 lui
1204 4337 1212 4380 ι
1223 4323 1266 4372 sed

96 4403 134 4457 hcc
141 4408 256 4475 praeclare
266 4409 362 4475 legibus
374 4414 549 4470 comparatum,
560 4412 588 4455 ut
598 4404 705 4454 charitas
716 4403 847 4451 liberorum
864 4401 993 4458 amiciores
1005 4412 1116 4467 parentes
1127 4392 1266 4470 reipuhlicro

97 4494 219 4546 redieram
251 4495 357 4544 Croero
351 4511 377 4543 m
394 4494 433 4556 ep
443 4492 481 4551 12
492 4492 522 4540 ad
539 4491 651 4549 Brutum,
668 4488 726 4538 Et
720 4503 744 4537 m
761 4504 799 4552 ep.
810 4489 848 4537 15.
880 4489 1004 4540 Videtur
1015 4490 1074 4539 ntud
1091 4507 1144 4540 eras
1160 4492 1265 4552 crudele,

47 4622 50 4629 .
95 4580 152 4636 quod
160 4581 190 4629 ad
201 4581 297 4638 liberos,
308 4592 350 4641 qur
342 4576 425 4625 nihil
433 4581 586 4632 moruorum,-
577 4588 663 4669 prono
675 4571 789 4636 pervenit,
800 4571 842 4619 scd
854 4571 878 4618 id
889 4577 914 4620 et
924 4573 1060 4635 antiquum
1069 4579 1106 4621 eat
1117 4579 1142 4621 et
1152 4572 1263 4624 omnium

96 4658 237 4712 civitatumst’
