2738 5032
330 255 384 315 nn
406 216 626 315 noounsulu
647 254 1010 315 cousnnvu'rroun.
1238 256 1293 311 ιιι

105 433 189 474 rores
197 425 397 494 grassarentur.
418 408 1292 492 severitatiajus,quaeadmodum'exaggerataest,nequaquam

105 523 203 590 potest
221 513 305 571 tribui
327 513 466 571 Ecclesiae
486 512 591 586 ubique
612 511 723 569 diffusa
745 530 798 589 per
810 521 851 568 tot
864 512 967 570 secula
983 509 1170 589 conservatio.
1200 508 1294 579 ,Que-

104 621 334 682 cumqueautem
345 609 446 682 queris
458 618 585 685 tempore
597 607 720 666 adhibita
730 607 833 666 luerint
846 606 972 665 subsidia
983 607 1089 669 adrem
1101 604 1293 665 Christianam

105 707 336 766 servandam'vel
350 706 517 787 ungendam,
532 706 712 765 manifestum
727 717 771 764 est
783 705 907 764 divinam
928 725 1013 782 opem
1028 715 1056 762 et
1069 703 1295 763 benedictionem

91 807 269 874 ,necessario
278 807 382 881 requiri
395 817 427 864 ut
439 806 599 883 respublica
610 803 782 873 Christiana,
797 805 842 863 his
851 806 917 864 licet
930 805 1048 872 munita,
1063 814 1164 881 potens
1179 804 1297 864 floreus·

104 919 165 975 que
178 901 314 960 hactenus
328 898 528 979 perduraverit.

151 996 217 1078 Om'.
231 996 262 1056 ’3.
304 998 467 1057 Christiana
475 997 611 1057 Ecclesia
622 996 668 1055 diu
681 998 715 1056 ab
727 999 843 1072 antiquo
854 997 957 1056 deiecit
970 996 1130 1074 splendore,
1146 998 1294 1075 plerasque

104 1114 180 1169 quae
199 1097 349 1173 occupavit
369 1097 499 1174 regiones
522 1096 626 1163 amisit,
641 1095 746 1169 nixque
767 1096 885 1170 aliquas,
906 1097 1023 1155 nomine
1044 1097 1134 1173 magis
1149 1115 1234 1171 quam
1251 1112 1292 1167 re,

104 1195 351 1272 tenetsubjeotas.

149 1288 238 1368 Καρ
260 1291 379 1349 Ratione
386 1290 520 1348 habita
494 1309 538 1346 ιιι
549 1309 566 1346 a
578 1289 753 1358 Mahurnote,
766 1301 794 1349 et
804 1293 933 1351 sectariis
948 1292 1042 1359 illatae,
1057 1300 1086 1349 et
1095 1301 1293 1360 scommatum,

105 1395 139 1444 et
154 1386 359 1463 sophismatum
374 1386 477 1458 quihus
492 1385 650 1444 Novatores
664 1384 767 1444 decimi
787 1388 861 1446 sexti
881 1388 988 1475 seculi,
1003 1398 1032 1445 et
1047 1386 1184 1445 increduli
1198 1386 1295 1445 seculi

109 1482 243 1559 prokime
261 1483 351 1559 elapsi
373 1483 574 1559 impugnarunt
594 1481 765 1549 Ecclesiam,
781 1485 883 1542 mirum
907 1468 950 1541 eet
970 1494 1011 1542 tot
1024 1480 1116 1542 adhuc
1131 1503 1295 1567 permanere

105 1579 282 1658 gentesque
295 1579 455 1638 Ecclesiam
469 1591 587 1638 matrem
599 1590 627 1637 et
641 1581 802 1656 magistram
814 1593 979 1657 agnoscunt.
1022 1572 1169 1641 Nonnulla
1180 1581 1296 1656 quidem
1360 1571 1363 1575 ¹

105 1675 217 1734 amissa
236 1685 303 1734 snut
323 1692 419 1753 regna,
440 1673 492 1733 se'd
516 1686 545 1733 et
565 1686 663 1752 gentes
685 1693 748 1749 qna
770 1675 905 1734 sedebant
929 1676 959 1734 in
986 1678 1085 1736 umbra
1107 1676 1206 1737 mortis
1229 1661 1297 1739 fidei

104 1770 217 1834 lumine
228 1784 297 1834 sunt
308 1775 460 1843 illustratae,
472 1784 500 1832 et
514 1774 543 1832 iu
554 1775 648 1852 regnis
661 1793 725 1848 quae
738 1784 797 1833 tora
816 1774 975 1833 defecerant
997 1794 1099 1852 magna
1116 1777 1177 1852 jam
1197 1780 1297 1853 numne

105 1874 185 1933 rat'ur
197 1871 347 1932 multitudo
361 1873 486 1932 fidelium
500 1883 559 1932 toto
573 1872 657 1932 corde
678 1874 817 1933 Ecclesia
836 1872 1051 1932 adhaerentium.
1092 1871 1165 1932 Sunt
1178 1875 1295 1959 quidem

104 1963 236 2034 nonnulli
250 1973 365 2032 nornine
380 1984 460 2030 tenus
475 1970 628 2042 Catholici,
643 1964 698 2032 sed
707 1973 909 2051 quamplurimi
923 1971 1028 2055 ubique
1042 1990 1079 2030 ex
1093 1972 1194 2031 intima
1208 1974 1294 2033 animi

105 2069 293 2148 persuasione
306 2068 392 2128 fideni
406 2069 581 2147 profitentur

149 2164 223 2248 obj.
233 2174 262 2226 4.
283 2165 479 2227 Islamismus
477 2186 527 2244 per
540 2168 643 2225 saecula
658 2167 738 2226 lacile
761 2167 891 2225 undecim
905 2166 1024 2236 duravit,
1040 2167 1075 2225 ad
1089 2167 1187 2227 mundi
1201 2187 1293 2242 usque

107 2268 194 2325 finem
208 2265 416 2347 verosimiliter·
421 2262 587 2323 duraturus:
630 2265 880 2324 Protestantiemus
895 2267 946 2323 tria
963 2267 1023 2344 jam
1039 2278 1167 2324 numerat
1180 2268 1294 2336 saecula,

106 2374 136 2422 et
147 2362 224 2441 riget
237 2362 267 2423 in
281 2342 352 2429 dies,
367 2361 460 2421 Biblia
473 2361 548 2440 larga
562 2379 647 2420 manu
662 2356 696 2420 ad
707 2353 850 2420 ιιιιιιιιιιι
862 2381 952 2437 usque
967 2376 1053 2421 terrae
1074 2381 1126 2440 per
1139 2347 1294 2423 Missiona·

106 2460 165 2518 ri'os
179 2459 313 2517 mittens·
328 2456 502 2525 Judaismus,
518 2459 567 2531 qui
578 2468 619 2516 tot
632 2459 743 2517 seculis
757 2440 1010 2518 Christianismum
1024 2463 1184 2529 antecessit,
1196 2480 1294 2519 comes

106 2555 215 2628 ubique
228 2553 318 2623 adest,
333 2553 429 2621 finem,
444 2566 475 2612 ut
488 2553 607 2623 videtur,
622 2557 736 2613 nonnisi
750 2576 815 2614 cum
830 2557 893 2633 ipso
908 2556 1062 2613 habiturus.

147 2650 236 2730 Resp.
259 2650 434 2714 Islamismue
455 2653 526 2712 nihil
548 2653 674 2713 divinum
696 2655 849 2732 praesesert,
865 2657 915 2713 se'd
937 2654 1087 2732 imperium
1108 2676 1249 2716 armorum
1265 2659 1293 2716 vi

105 2760 243 2819 erectum,-
255 2761 283 2807 et
292 2749 446 2818 dilatatum,
458 2750 534 2823 quod
543 2750 642 2809 eadem
651 2753 757 2810 ratione
767 2762 914 2809 servatur..
939 2750 1010 2818 Qui,
1021 2751 1137 2810 historia
1148 2755 1293 2831 magistra,

107 2847 290 2924 imperiorum
306 2847 384 2906 novit
398 2832 667 2927 uicesperpetuum
682 2848 751 2921 illud
769 2868 826 2906 non
841 2848 924 2906 dicet.
967 2847 1217 2907 Protestantiemus
1232 2849 1295 2908 nul·

105 2940 156 3003 libi
170 2942 247 3025 idern
260 2953 313 3012 est,
328 2942 379 3003 sed
393 2944 496 3027 ubique
511 2946 599 3003 varias
615 2943 706 3002 induit
715 2944 829 3023 formas,
845 2957 873 3004 et
886 2944 1089 3002 aLutherauis'
1098 2946 1222 3005 exordiis
1230 2955 1294 3029 'toto

107 3040 179 3098 orsio
198 3040 292 3098 dietat
332 3039 397 3099 Jnn'r
418 3042 593 3100 rero'cessit
614 3043 642 3099 in
664 3053 720 3101 tota
742 3042 799 3101 sere
823 3036 976 3101 Germania
999 3042 1292 3119 Rationalismmqui,

107 3138 225 3196 nomine
240 3138 414 3208 Christiano,
436 3139 597 3198 Deiotarum
620 3142 711 3200 sancit
733 3142 849 3218 placita3
874 3153 904 3201 et
924 3142 992 3199 alias
1013 3141 1083 3200 adeo
1103 3153 1147 3200 est
1160 3152 1250 3221 vagus
1259 3160 1294 3202 et

95 3234 257 3312 'multiplex
273 3249 311 3293 ἰιι
330 3235 397 3310 quid
420 3236 466 3304 eit,
481 3239 539 3306 vix,
561 3237 605 3296 vel
626 3257 662 3296 ue
683 3239 732 3296 vix
754 3238 879 3312 quidem,
897 3222 957 3296 'diei
978 3239 1077 3297 valeat.
1119 3239 1210 3315 Vigor
1229 3240 1291 3316 ejus

108 3332 202 3391 bibliis
223 3321 273 3411 per
293 3335 388 3393 orbem
412 3336 517 3412 sparsis
539 3354 597 3394 non
620 3337 760 3417 probatur,
776 3337 933 3400 Christiani
952 3337 1027 3394 enirn
1049 3336 1128 3403 finnt,
1150 3337 1290 3412 captivato
1338 3366 1340 3370 ¹

108 3429 138 3488 in
159 3424 326 3503 obsequium
350 3430 458 3490 Christi
483 3431 634 3500 intellectu,
658 3451 715 3490 non
738 3433 801 3490 libri
825 3433 897 3490 sacri
919 3432 1042 3504 qualibet
1066 3432 1289 3519 pertractatione.

107 3524 232 3604 Opemm
248 3529 313 3585 verd
327 3546 406 3585 suam
421 3526 557 3604 perditam
573 3538 745 3606 agnoverunt
760 3528 872 3604 plurimi
891 3527 1066 3613 Missionarii
1081 3515 1289 3611 Protestautici,

105 3627 145 3684 ita
159 3634 190 3683 ut
209 3618 293 3703 plane
312 3620 520 3702 desperandum
542 3626 579 3682 sit
600 3625 740 3684 Ethnicos
762 3644 795 3682 ea
815 3609 927 3682 ratione
942 3624 975 3681 ad
991 3622 1182 3683 Christianam
1202 3604 1288 3686 iidem

107 3719 295 3780 adducendos
301 3726 312 3756 ¹
351 3712 470 3780 Iudaica
482 3740 551 3798 gens
566 3720 728 3798 perdurat,
721 3720 825 3798 insigni
846 3717 970 3796 prosectis
986 3719 1041 3777 Dei
1058 3720 1242 3796 providentia,
1258 3735 1289 3782 ut

104 3804 191 3879 etiam
215 3819 375 3879 testimonio
396 3824 494 3879 eorum
514 3819 625 3878 Veteris
649 3819 825 3878 Testamenti
848 3818 925 3876 libris
947 3828 1058 3876 constet
1079 3820 1238 3892 auotoritas,
1259 3833 1288 3882 et

106 3912 217 3975 Christi
229 3927 257 3974 et
270 3915 468 3995 prophetarum
482 3915 549 3974 de''
531 3935 566 3974 ιιι
581 3916 711 3974 vaticinia
725 3915 840 3992 impleta
853 3924 954 3991 pateat.

131 4012 240 4080 'Qnum
263 4011 348 4090 igitur
368 4013 566 4071 revelationem
587 4018 672 4085 quain
698 4011 830 4089 predicat
852 4004 960 4069 Christi
985 4002 1124 4070 Ecclesia
1138 4009 1287 4076 Catholica

105 4110 256 4179 vaticiniis,
276 4111 428 4178 miraculis,
449 4096 566 4183 aliisque
589 4109 717 4188 plurimis
739 4110 889 4168 momentis
912 4108 1048 4166 munitam
1069 4102 1285 4184 ostenderimus,

104 4196 202 4267 divine
224 4207 286 4284 ejus
311 4208 390 4285 origo
414 4217 443 4264 et
466 4207 614 4266 auctoritas
635 4208 801 4268 ¹necessario
829 4216 873 4263 est
889 4203 1083 4282 agnoscenda.
1124 4202 1288 4286 Spe'cialem,
1335 4243 1338 4249 ·

103 4314 198 4363 autem
219 4302 254 4361 de
274 4299 336 4381 ipsa
357 4292 488 4362 Ecclesia
510 4292 663 4372 tractatum,
686 4305 721 4362 ob
744 4303 927 4388 plurimorum
946 4302 994 4375 qui
1015 4301 1179 4364 Christiano
1200 4305 1285 4383 glori·

102 4410 187 4459 antur
198 4401 313 4460 nomine
328 4401 358 4459 in
371 4419 434 4458 sam
448 4400 569 4477 impetus
583 4400 696 4479 aggredi
713 4400 773 4478 jam
790 4400 907 4479 oportet,

133 4613 169 4674 (1)
186 4612 248 4661 Vide
255 4581 408 4666 ⁸Wisemurr's
419 4585 523 4663 lecturos
534 4628 565 4662 on
577 4612 617 4662 the
629 4612 750 4670 doctrines
761 4611 790 4662 of
802 4611 842 4667 the
853 4611 964 4662 Catholic
975 4579 1082 4670 Church,
1093 4609 1147 4660 lect
1159 4611 1209 4662 Gth.
1238 4632 1241 4640 ·
