2738 5032
451 116 506 176 DE
529 116 655 177 Nouis
677 116 910 179 EGOLESIAE.
1215 122 1275 178 24⁶

85 276 242 355 scripturis
256 277 319 353 ipsa
338 274 406 335 fidei
427 276 588 344 concordia,
602 276 735 335 doctrinae
756 277 899 344 sanctitas,
915 295 965 353 per
985 278 1082 337 orbem
1104 296 1274 355 permanens

77 375 209 444 diffusio,
225 384 253 433 et
273 385 417 450 pastorum
432 374 505 432 inter
519 385 560 432 tot
573 394 666 433 rerum
689 374 775 439 vices,
791 375 885 451 regnis
905 387 934 432 et
955 376 1083 452 imperiis
1104 376 1274 443 labentibus,

64 464 67 469 ’
83 456 241 548 dumquam
256 474 409 548 interrupta
429 472 528 540 series,
544 473 723 545 cuicumque,
739 471 836 529 divino
857 471 1009 548 affulgente
1028 473 1146 541 lumine,
1161 492 1276 550 persua·

78 591 146 631 surn
162 571 254 629 lacere
268 580 390 646 possunt
404 568 478 627 hanc
498 570 662 627 societatem
677 588 733 627 non
756 569 904 643 hominum
925 569 1064 645 sapientia
1083 571 1275 640 constitutam,

78 689 137 730 nec
151 668 277 746 potentia
290 675 484 738 sustentatam,
499 665 549 725 sed
564 665 659 724 divina
673 666 756 743 plane
771 685 867 742 opera.

126 765 312 843 singularum
325 773 455 823 notarum
469 763 622 841 explicatio
633 762 667 821 ad
680 762 846 839 Theologos
861 762 991 840 pertinet,
1006 761 1057 821 sed
1067 762 1138 821 fides
1153 764 1277 843 concipi·

80 874 130 923 tur
143 863 315 939 sepissime,
330 880 388 920 una
400 861 444 919 vel
465 861 552 919 altera
566 860 654 918 menti
676 860 795 936 objecta,
811 860 842 917 in
863 878 919 933 qua
940 860 1099 919 certissima
1118 859 1278 939 deprehun-

80 960 190 1020 duntur
203 958 306 1016 divinae
321 958 501 1017 revelationis
516 956 629 1016 indicia.
673 956 779 1015 Divina
793 956 957 1015 auctoritate
978 957 1040 1015 freti
1055 957 1217 1017 Ecclesiam
1228 959 1279 1019 do·

76 1066 196 1116 centem
218 1053 359 1123 audimus,
381 1055 558 1132 singulorum
582 1053 746 1131 dogmatum
766 1054 947 1130 probationes
971 1064 1000 1112 et
1021 1055 1113 1131 ipsius
1138 1055 1277 1115 Ecclesiae

78 1153 300 1233 privilegiorum
322 1152 480 1229 pleniorem
494 1152 705 1228 expositionem
720 1150 856 1228 deinceps
870 1152 1027 1227 excepturi.
1069 1153 1144 1210 Sunt
1163 1152 1278 1226 quidem

75 1252 213 1331 plurimi,
229 1251 387 1328 praesertim
402 1269 438 1309 ex
452 1251 555 1308 heresi
563 1236 710 1318 conversi,
725 1251 774 1323 qni
789 1250 931 1309 laboriosa
944 1250 1076 1328 indagine
1091 1251 1203 1328 singula
1216 1270 1280 1328 per·

76 1349 203 1408 scrutati
213 1357 280 1406 sunt
292 1356 456 1425 argumente
467 1346 630 1424 dogmatum
643 1356 672 1404 et
685 1347 855 1405 auctoritatis
870 1348 1019 1415 Ecclesiae,
1030 1360 1181 1423 antequam
1191 1348 1278 1407 iidem

74 1446 210 1526 professi
221 1447 294 1504 sint:
310 1445 341 1504 hi
356 1455 450 1504 tamen
463 1445 579 1503 rationis
594 1445 726 1502 examine
735 1442 770 1501 ad
785 1463 846 1503 eam
864 1447 1026 1521 pervenisse
1042 1466 1190 1523 perperam
1203 1447 1280 1506 dice·

75 1552 194 1610 rentur,
211 1542 236 1599 si
251 1543 328 1601 enim
343 1542 372 1601 in
386 1562 422 1600 eo
434 1541 637 1609 constitissent,
653 1540 805 1601 humanam
821 1551 927 1598 tantum
946 1542 1042 1610 fidem,
1059 1538 1236 1603 vacillantem
1251 1554 1281 1603 et

80 1643 228 1702 incertam
242 1641 417 1709 habuissent,
433 1639 509 1714 quod
524 1640 653 1716 plurimis
668 1639 828 1716 Religionis
840 1638 1009 1697 documenta
1023 1661 1075 1698 sua
1087 1641 1225 1701 industria
1238 1644 1282 1702 in·

75 1740 294 1816 vestigantibus
308 1739 464 1815 contingit,
476 1738 550 1805 aliis,
561 1738 609 1811 qui
625 1737 673 1795 diu
687 1737 836 1804 haeserant,
848 1736 1014 1795 certissimis
1027 1737 1095 1795 licet
1107 1741 1280 1815 argumentis

69 1836 213 1897 veritatis
229 1835 286 1893 lere
308 1834 451 1902 cedentes,
467 1845 534 1893 tunc
555 1833 667 1892 tandem
688 1833 745 1892 fide
765 1834 862 1893 divina
881 1833 1036 1901 illustratis,
1052 1835 1165 1908 quando
1185 1837 1281 1912 gratiae

59 1953 142 2012 ope
158 1933 188 1990 in
210 1928 267 1989 Dei
288 1950 339 2007 per
352 1930 514 1988 Ecclesiam
529 1930 656 1989 docentis
671 1932 833 1989 auctoritate
848 1933 1081 2004 conquieverunt.
1123 1932 1282 1993 Verissime

55 2029 196 2090 dictum
211 2035 254 2084 est
267 2027 302 2084 ab
315 2026 491 2103 Augustino:
509 2035 528 2062 “
539 2026 610 2084 nihil
624 2028 654 2084 in
668 2026 800 2085 Ecclesia
810 2028 948 2086 catholica
957 2029 1097 2088 salubrius
1111 2031 1182 2099 fieri,
1195 2050 1281 2105 quam

55 2138 113 2188 ut
129 2125 270 2184 rationem
285 2121 425 2199 precedat
444 2122 641 2181 auctoritas.”²
681 2123 766 2183 Hanc
786 2124 950 2182 methodum
972 2143 1078 2186 naturas
1100 2128 1278 2188 conformem

60 2220 188 2284 merito
203 2221 352 2298 praedicat:
376 2222 510 2289 “naturae
525 2219 641 2293 quidem
655 2219 725 2278 ordo
738 2221 776 2279 ita
790 2240 821 2278 se
837 2221 929 2290 habet,
947 2232 978 2281 ut
992 2243 1057 2282 cum
1074 2226 1180 2299 aliquid
1194 2225 1280 2285 disci·

22 2366 33 2381 .,
63 2318 162 2387 xnus,
178 2319 315 2377 rationem
329 2316 470 2395 precedat
483 2317 680 2377 auctoritas.’'²
720 2319 789 2378 Ruit
802 2320 886 2397 igitur
900 2321 1021 2397 objectio
1036 2341 1092 2395 qua
1113 2325 1185 2382 inter
1206 2325 1278 2383 alios

65 2416 261 2494 Anglicanus
275 2414 440 2492 Episcopus
455 2416 575 2474 Porteus
588 2415 755 2475 Catholicos
767 2428 856 2495 urget,
870 2418 979 2476 scilicet
990 2419 1065 2492 quod
1078 2422 1185 2480 ratione
1200 2433 1281 2481 utan-

62 2502 129 2575 'tur
144 2514 179 2573 ad
193 2513 408 2585 discernendam
424 2514 597 2580 Ecclesiam,
614 2532 676 2572 eam
691 2514 827 2590 deinceps
843 2527 1029 2594 respuentes:
1053 2520 1182 2588 quamvis
1204 2521 1282 2578 enim

72 2610 344 2672 mens'Ecclesiam
356 2608 505 2686 dignoscat
519 2627 555 2666 ex
570 2609 605 2666 iis
621 2609 723 2681 quibus
738 2610 826 2687 fulget
837 2609 940 2667 divinae
955 2611 1072 2686 originis
1088 2612 1211 2681 indiciis,
1224 2634 1282 2674 nou

72 2707 203 2768 rationis
218 2706 315 2775 ductu,
330 2704 380 2763 scd
395 2724 432 2763 ex
447 2704 544 2763 divino
560 2723 617 2777 quo
632 2724 713 2761 mens
735 2705 799 2780 ipsa
818 2704 972 2762 illustratur
992 2707 1110 2774 lumine,
1125 2707 1192 2765 fidei
1213 2728 1283 2785 proe·

76 2802 169 2864 betur
183 2820 328 2886 assensus,
344 2800 439 2859 divina
454 2800 539 2858 nixus
560 2800 737 2857 auctoritate:
761 2800 917 2871 quostiam
932 2813 1014 2877 pacto
1037 2801 1065 2859 in
1081 2803 1200 2881 singulis
1215 2805 1283 2884 dog·

80 2903 209 2962 metibus
224 2902 308 2960 etiam
324 2898 511 2973 conduiescit.
554 2898 625 2965 Quae
640 2908 733 2955 autem
749 2909 929 2974 exponuntur
950 2913 1125 2977 argumenta,
1142 2903 1175 2962 ad
1192 2904 1283 2963 vindi·

86 2999 148 3057 cias
160 2996 300 3056 Ecclesiae
310 3006 339 3054 et
352 2995 514 3081 dogmatum
530 2994 681 3071 pertinent,
698 2994 890 3071 potiusquam
907 2995 952 3053 ad
964 2997 1055 3074 ipsam
1071 2999 1136 3058 fidei
1158 3002 1284 3078 concipi-

88 3094 170 3154 endae
185 3080 343 3152 rationem:
360 3101 490 3151 movetur
504 3092 620 3165 quidem
635 3093 757 3160 animus,
773 3093 856 3150 etiam
869 3093 1043 3163 humanitus,
1060 3098 1143 3154 variis
1158 3098 1282 3154 veritatis
1311 3090 1318 3103 '

90 3191 282 3270 argumentis;
298 3189 349 3249 sed
363 3190 460 3258 fidem,
476 3208 540 3262 quae
555 3190 661 3248 donum
682 3188 738 3247 Dei
759 3201 812 3257 est,
834 3210 890 3249 non
913 3193 1038 3270 concipit
1052 3195 1109 3250 nisi
1129 3198 1166 3249 ex'
1187 3194 1282 3268 gratie

56 3334 58 3339 «
91 3289 288 3364 inspiratione.

129 3387 233 3445 Verbis
247 3386 348 3445 lrenaei
374 3385 440 3443 fidei
462 3383 618 3442 Catholicae
639 3384 778 3440 rationem
802 3383 917 3442 reddere
938 3396 966 3443 et
988 3386 1172 3458 sectariorum
1188 3388 1282 3449 vivam

92 3483 245 3561 imaginem
260 3483 395 3541 exhibere
411 3483 512 3558 placet.
533 3480 563 3516 '⁸‘
576 3477 810 3553 Praedieationem
823 3480 963 3538 Ecclesiae
975 3483 1080 3554 ubique
1093 3495 1281 3555 constantem,

92 3587 123 3639 et
143 3581 287 3654 equaliter
307 3588 546 3656 perseverantem,
568 3587 596 3634 et
616 3576 809 3634 testimonium
831 3576 980 3635 habentem
996 3599 1012 3635 a
1032 3578 1185 3656 Prophetis
1199 3592 1228 3641 et
1247 3574 1283 3642 ab

94 3679 256 3755 Apostolis,
272 3689 302 3736 et
314 3679 348 3735 ab
363 3677 495 3735 omuibus
510 3673 669 3752 discipulis,
684 3673 923 3746 quemadmodum
938 3674 1115 3734 ostendimus
1131 3698 1181 3755 per
1192 3680 1281 3750 initia,

11 3770 14 3775 ’
94 3785 124 3833 et
136 3775 313 3842 medietates,
328 3783 357 3831 et
376 3775 473 3840 finem,
489 3783 517 3830 et
531 3790 581 3848 per
595 3771 756 3829 universam
771 3771 827 3831 Dei
848 3770 1077 3848 dispositionem,
1093 3785 1121 3832 et
1140 3796 1202 3836 eam
1218 3797 1282 3851 quar

93 3870 250 3932 secundum
264 3872 383 3949 salutem
392 3870 519 3928 hominis
529 3878 582 3937 est,
594 3867 712 3927 solidam
725 3869 927 3945 operationem,
941 3889 1006 3942 qnee
1017 3871 1099 3930 estin
1110 3871 1164 3931 fide
1176 3883 1281 3943 nostra,

28 4036 34 4045 ,
92 3978 178 4046 quam
201 3980 362 4048 perceptam
377 3968 411 4025 ab
432 3968 564 4025 Ecclesia
584 3966 769 4034 custodimus,
785 3977 814 4024 et
833 3987 897 4040 quae
912 3970 1026 4045 semper
1046 3992 1062 4028 a
1082 3972 1188 4049 Spiritu
1212 3972 1279 4041 Dei,

91 4054 174 4144 quasi
189 4071 218 4127 in
234 4087 299 4126 vase
314 4069 390 4125 bono
404 4066 541 4124 eximium
557 4063 699 4138 quoddam
712 4064 873 4145 depositum
883 4067 1087 4142 juvenescens,
1101 4080 1130 4128 et
1148 4072 1282 4147 juvenes-

89 4185 157 4226 cere
171 4166 278 4225 faciens
292 4166 387 4241 ipsum
403 4182 452 4219 vas
467 4162 495 4220 in
511 4179 567 4233 quo
582 4172 634 4243 est,
677 4161 742 4220 Hoc
757 4161 832 4219 enim
848 4162 987 4227 Ecclesiae
1008 4165 1145 4224 creditum
1160 4175 1204 4223 est
1224 4166 1280 4225 Dei

258 4362 294 4439 (i)
307 4378 345 4427 ne
356 4375 464 4426 morinus
478 4372 544 4422 scer.
555 4371 625 4423 cau
637 4387 707 4423 cxxv.
717 4372 737 4432 a.
748 4372 788 4433 rr,
799 4373 845 4425 001.
856 4374 911 4435 ror,
922 4383 941 4427 ι.
952 4378 973 4427 1.

263 4462 299 4524 (2)
312 4461 406 4512 Ibidem
419 4476 439 4509 c.
453 4459 479 4518 ii,
488 4458 532 4506 col.
544 4457 597 4509 638.
