2738 5032
83 248 159 311 ‘ild
268 250 675 349 ngwuteruttsttutt
696 252 1116 325 tuunnruurtntortn.

98 410 130 473 io
143 411 350 489 Scripturarum
364 410 486 471 lectione
500 410 667 489 dirigamur,
682 423 713 470 ut
733 412 876 489 precipua
888 411 957 473 tidei
976 412 1109 490 dogmata
1121 410 1204 470 salva
1222 411 1291 469 sint.

98 502 254 585 &talogio
265 505 355 585 fidei,
381 525 467 582 quam
492 520 605 575 vocant,
630 507 778 566 statuenda
800 517 855 573 est,
869 517 934 567 ants
957 507 1047 585 lectas
1067 507 1246 584 Scripturas,
1263 512 1292 563 ιι

99 600 215 663 critice
229 602 370 681 principia
382 602 541 663 adhibenda
554 615 631 685 sunt,
645 622 680 661 ea
699 593 730 663 ιιι
750 614 811 670 tuto
831 604 933 680 posita.
973 598 979 605 ’

136 699 279 778 Analogia
288 699 367 769 tidei,
377 700 413 761 de
423 720 481 775 qua
491 701 724 778 disceptavimus,
735 702 833 761 omnia
845 688 988 761 Ecclesite
1001 700 1135 777 dogmata
1147 698 1289 776 eostt'plec·

98 795 239 867 titurmon
247 808 341 856 autem
350 816 451 859 omnes
460 798 705 875 interpretationes
713 798 817 871 quibus
826 797 920 857 lasere
929 797 1066 855 videatur.
1088 795 1290 864 Quadocun·

98 911 156 969 que
176 893 312 953 Ecclesia
327 894 451 955 solemni
471 894 583 973 judicio
603 896 727 971 aliquam
748 896 1007 972 interpretationem
1026 903 1123 953 textus
1141 892 1289 971 sumum

80 988 221 1085 ¹tlannrntt,
236 1009 271 1049 cs
291 990 452 1069 respuendo
463 1003 518 1059 est,
533 1002 629 1069 utpote
643 990 787 1053 traditioni
798 990 834 1050 de
845 992 972 1068 genuino
984 991 1150 1068 ejus'sensu
1161 989 1288 1049 adversa.

98 1088 207 1163 Sisqui
216 1089 325 1153 Christi
336 1090 419 1148 rerba
432 1088 468 1149 de
481 1088 693 1167 regeneratione
707 1106 746 1149 ex
759 1108 832 1163 aqua
844 1086 874 1147 ιι
887 1089 996 1166 Spiritu
1006 1088 1160 1149 smenon
1168 1089 1285 1166 tigonto'

64 1220 80 1263 ,-
95 1185 266 1261 detorquent
278 1208 294 1245 a
308 1185 441 1246 Concilio
462 1180 632 1249 Tridentino
640 1188 764 1247 damnati
778 1197 854 1256 sunt,
864 1188 939 1247 sicut
950 1188 1037 1247 etiam
1043 1187 1102 1261 -qui
1110 1187 1287 1264 perirations

97 1286 183 1345 rerba
196 1285 381 1343 institutionis
395 1282 584 1343 Eucharistire
592 1285 711 1362 figurato
720 1285 876 1361 explicant.
916 1284 1060 1343 Ceterum
1074 1282 1286 1343 indefiniendis

98 1382 288 1463 dogmatibus,
295 1382 462 1460 plerumque
472 1400 530 1440 noo
539 1380 639 1443 delinit
647 1381 781 1441 Ecclesia
788 1382 1016 1443 testimooiomm
1024 1382 1129 1455 quibus
1136 1381 1289 1441 ιιιιιιιιιιιιιι

96 1498 225 1547 sensum,
238 1479 359 1552 ideoque
370 1479 445 1545 licet,
459 1479 559 1537 saltem
572 1480 679 1551 absque
689 1478 832 1537 hereseos
844 1488 920 1547 nota,
930 1498 965 1537 ea
973 1479 1042 1537 alias
1052 1479 1213 1561 explicare,
1223 1478 1289 1557 dog·

97 1590 171 1637 ιιιιιι
184 1578 249 1653 ipso
262 1576 400 1645 admisso,
415 1576 470 1635 boc
483 1577 561 1634 euim
575 1594 612 1634 ex
623 1576 764 1643 constanti
777 1575 833 1634 tide
846 1576 988 1635 Ecclesitd
999 1575 1150 1653 indubium
1161 1585 1217 1646 est,
1225 1576 1289 1635 licet

96 1675 284 1749 quorumdam
298 1678 426 1733 textuum
448 1674 662 1741 incertus-esse
684 1675 776 1750 possit
793 1664 925 1732 seusus(
948 1674 998 1732 Sic
1020 1674 1222 1750 Purgatorium
1240 1673 1288 1748 qni

96 1773 208 1835 iatemr,
227 1770 368 1829 Ecctcs'm
388 1772 473 1831 nixus
496 1771 788 1847 auctoritate-potest,
809 1764 888 1828 salva
908 1769 975 1838 tide,
990 1768 1287 1846 Apostolilocumde

96 1867 232 1929 salvando
247 1868 407 1944 perignem
421 1868 490 1927 alias
502 1869 657 1945 explicare,
673 1868 803 1940 quamvis
818 1867 962 1944 'ljbeologi
975 1867 1106 1929 nonnulli
1119 1864 1158 1926 eo
1177 1867 1286 1925 ιιιιιιιιιι

97 1967 132 2026 ad
148 1966 218 2025 illud
232 1964 420 2043 probandum.
460 1965 528 2040 lpsa
542 1985 605 2038 quae
620 1958 754 2025 Ecclesia
766 1962 1095 2029 adhibotteuimoniair
1109 1964 1287 2043 dogmatibus

96 2063 275 2125 sindicaudie
301 2071 332 2120 et
358 2060 542 2128 illustrandis,
570 2080 628 2119 nou
655 2062 722 2120 sunt
749 2052 912 2121 necessarii
939 2062 978 2120 ita
1008 2061 1192 2138 explicanda,
1223 2068 1287 2121 nam

96 2162 236 2223 auxilium
260 2158 395 2219 diviniore
420 2159 594 2236 promissum
618 2157 774 2219 doctrinam
795 2161 901 2238 ipsam,
918 2148 982 2218 'non
997 2160 1102 2221 autem
1124 2170 1289 2239 argumenta

97 2259 202 2334 quibus
235 2255 461 2324 commendatur,
488 2256 614 2333 respicit
669 2255 809 2322 Quamvis
840 2257 928 2334 igitur
955 2254 1146 2323 Concilium
1163 2257 1289 2335 'Trition

95 2354 188 2415 duum
209 2354 302 2413 rerba
313 2370 352 2410 ex
372 2361 455 2410 sexto
475 2351 568 2428 eapite
589 2348 711 2413 Josnuis
732 2349 964 2410 deEuclraristia
982 2353 1090 2431 passim
1108 2358 1241 2431 usurpet,
1253 2351 1288 2412 ad

94 2448 255 2509 fidemnon
274 2448 398 2525 pertinet
410 2465 445 2505 ea
456 2445 493 2505 de
513 2447 570 2511 troc
583 2446 769 2504 Sacramento
786 2446 982 2524 intelligenda.
1022 2447 1121 2509 Multo
1133 2434 1301 2531 minusssd

95 2545 164 2606 tidei
188 2545 346 2621 analogiam
368 2541 514 2621 reserenda
534 2552 610 2608 sunt,
624 2561 688 2614 que
703 2542 960 2611 cccmumodurtdo,
969 2545 1016 2604 uti
1031 2545 1141 2615 dicunt,
1155 2547 1289 2606 Erebeis

96 2640 220 2721 applicat
243 2638 382 2717 mysterio
405 2630 502 2706 atteri,
517 2637 564 2701 rel
581 2647 691 2696 sancto.
733 2636 820 2697 Plora
839 2634 886 2697 ιι
898 2637 978 2699 libris
998 2640 1227 2718 Sapientialibus
1241 2640 1288 2702 de·

95 2738 303 2817 sumpsitque
323 2737 354 2795 in
374 2735 455 2795 iestis
475 2735 511 2795 B.
527 2734 773 2817 Merite-Virginis
791 2735 1013 2812 teguntueaue
1032 2734 1130 2798 tamen
1148 2740 1286 2818 primerio

94 2854 183 2897 ιιιιιι
196 2835 374 2917 Sapientiam
388 2833 516 2893 divinem
528 2840 668 2911 spectent.
709 2832 931 2907 Oooeuererunt
949 2835 1061 2913 scilicet
1076 2839 1169 2897 uncti
1188 2838 1294 2909 esne,

94 2934 182 2993 verbe
203 2932 356 3009 scriptore
383 2931 493 3009 passim
517 2948 655 3006 usurpare
679 2927 717 2989 ad
738 2931 876 3007 pietatem
900 2932 1168 3003 emendandam,
1191 2932 1291 3013 utpote

94 3032 168 3092 mira
190 3028 384 3091 dulcedine-et
397 3029 427 3087 ri
446 3027 574 3105 predita,
589 3039 619 3086 et
639 3028 773 3087 omnibus
794 3028 883 3089 animi
903 3029 1051 3089 affectibus
1071 3033 1179 3090 emetis
1199 3050 1289 3093 cnun-

82 3126 198 3193 ..itandis
212 3126 324 3194 idonea,
339 3127 411 3200 quin
423 3125 460 3184 de
470 3118 589 3203 speciali
599 3134 698 3185 eorum
710 3127 918 3204 significatione
928 3127 1007 3205 apud
1020 3146 1117 3187 sacros
1128 3125 1300 3225 Scriptores,

93 3226 271 3287 laborarent·
294 3243 348 3283 uec
371 3223 449 3283 enim
469 3223 582 3282 criticos
597 3223 726 3300 agebant.
770 3223 858 3291 Hunc
871 3243 981 3284 morem
995 3225 1124 3285 adhibuit
1144 3217 1289 3299 Ecclesia,

94 3333 126 3383 ut
149 3321 307 3400 singulares
332 3319 461 3397 Virginis
484 3319 585 3383 SSmte
608 3318 762 3378 celebraret
782 3318 868 3441 dous
876 3319 981 3427 diuinis
1001 3321 1136 3395 eloquiis
1150 3322 1198 3382 vel
1220 3322 1293 3382 aliae

94 3421 250 3495 insinuaret
264 3418 376 3497 pietatis
385 3416 521 3477 effectus.
875 3461 879 3468 .
1127 3462 1131 3467 .

133 3518 294 3605 Analogia'
288 3517 373 3595 igitur
386 3514 453 3573 tidei
467 3533 526 3573 non
540 3514 630 3591 exigit
653 3523 684 3572 ut
705 3470 886 3599 singulorum
907 3482 1136 3577 testimoniorum
1158 3482 1290 3594 exquira-

93 3613 413 3690 nusiuterpretatioues
429 3611 640 3691 Ecclesiasticis
661 3609 840 3693 dogmatibus
862 3611 1060 3690 suffragantes,
1085 3613 1136 3673 sed
1163 3626 1196 3675 ut
1216 3616 1289 3676 nibil

93 3705 160 3768 iude
173 3708 349 3768 excudemus
362 3707 440 3782 quod
454 3708 500 3766 tris
515 3716 663 3784 repugnet.
789 3744 803 3773 n
817 3736 837 3753 ·-
928 3744 931 3749 «
1300 3706 1305 3713 ’

132 3803 199 3863 Jcm
214 3822 281 3862 vcro
295 3794 403 3877 aliquas
418 3803 547 3867 dabimus
562 3803 683 3881 regulas,
699 3822 768 3877 quae
789 3821 826 3863 ex
846 3805 952 3871 sanetis
974 3805 1106 3864 Patribus
1129 3809 1287 3884 presertim

94 3901 294 3969 derivavimus,
310 3903 412 3975 quibus
426 3902 490 3975 quis
505 3902 536 3959 iu
550 3902 713 3978 Scripturis
719 3900 945 3979 interpretandis
949 3884 1093 3981 dirigatur.
1165 3965 1168 3971 ,
1204 3926 1224 3961 η

63 4021 68 4032 ·
133 3999 157 4059 l.
177 3998 287 4078 Sensus
302 3998 429 4058 litteralis
443 4009 471 4057 ιι
482 3998 590 4077 οιιιιιιι
604 3999 814 4076 Scripturarum
838 3999 1061 4075 exquirendus·
1053 4019 1084 4060 ιιι
1109 4003 1213 4080 primis
1232 4015 1286 4074 est,

92 4097 250 4177 presertim
263 4096 295 4154 in
308 4098 393 4155 rebus
407 4098 505 4173 gestis.
528 4164 531 4169 ¹

132 4194 245 4272 Regula
257 4191 319 4249 haec
333 4193 409 4255 nulla
423 4191 531 4268 indiget
544 4191 718 4270 probatione,
731 4211 782 4252 seu
796 4193 995 4271 explicatione,
1008 4212 1097 4269 quum
1108 4185 1283 4271 ιιιιιιιιοιιιι

92 4308 194 4351 omnes
208 4299 238 4352 et
250 4287 356 4363 scripta
368 4288 453 4347 obvio
467 4286 632 4364 accipiendo
643 4289 702 4346 sint
714 4307 812 4358 sensu,
822 4289 879 4348 nisi
889 4308 928 4349 ex
941 4290 1081 4368 adjunctis
1095 4303 1192 4369 petest
1201 4295 1285 4354 aliam

92 4404 158 4445 esse
172 4384 336 4477 scriptoris
333 4392 911 4441 mentem..

132 4483 172 4543 Il.
195 4483 236 4542 Ut
249 4499 350 4540 sensus
365 4480 491 4539 litteralis
506 4481 715 4551 determinetur,
737 4493 885 4545 contextus
905 4467 1048 4564 precipue
1072 4495 1117 4544 est
1140 4472 1285 4549 attenden-

92 4579 165 4652 dus3
180 4576 408 4640 ethnbendaest
421 4578 491 4683 ratio
506 4577 712 4654 adjunctorum,
727 4576 835 4640 scilicet
859 4581 941 4660 cujus
965 4592 1033 4642 sunt
1052 4583 1147 4655 veiha,
1163 4583 1203 4647 ad
1214 4603 1286 4661 quos
