2768 5032
99 257 157 312 ³18
354 252 411 314 DE
431 252 593 314 SALUTE
615 251 659 312 lh'
680 250 783 314 sont
804 251 1017 314 ECCLESIA.

100 410 243 471 Caeterum
256 413 358 471 maluit
367 411 440 490 apud
454 412 553 470 Titum
566 411 696 470 baeresim
711 413 801 489 ipsam
825 412 968 482 denotare,
982 421 1079 488 utpote
1092 431 1144 488 per
1167 429 1198 469 se
1222 413 1276 469 cri·

100 528 166 568 men
180 512 386 588 gravissimum,
402 510 476 584 quod
491 511 636 569 hominem
651 510 684 568 ad
708 521 814 570 certum
837 512 978 569 interitum
1001 509 1153 586 perducere
1178 519 1276 568 natum

101 619 154 666 est.
195 607 279 674 Quod
294 619 387 665 autem
401 606 647 684 Machaigbtsibi
662 613 828 684 persuadere
847 627 905 666 non
919 609 1007 665 valeat
1027 608 1173 666 hominem
1195 626 1276 665 rcum

101 724 174 772 esse,
190 706 239 778 qui
249 706 377 781 precibus
393 714 422 763 et
433 706 564 763 examine
579 706 700 782 praeriis,
713 706 742 762 in
756 706 877 779 aliquem
897 705 994 763 incidit
1007 724 1139 770 errorem,
1151 704 1222 763 nihil
1236 705 1276 762 os·

100 801 159 861 ficit
171 802 310 878 Apostolo
323 803 473 862 declaranti
487 803 648 860 haereticum
664 802 746 878 plane
761 802 973 879 perdimmesse
986 802 1150 861 hominem:
1166 803 1275 860 occulta

101 897 177 956 euim
191 916 267 975 saepe
281 883 522 976 serpit'superbia,
538 918 593 972 qna
606 899 728 956 veritatis
743 897 833 956 aditus
847 897 1011 965 occluditur,
1026 908 1055 955 et
1067 890 1155 956 homo
1169 899 1199 955 in
1212 898 1272 975 ejus

100 1011 211 1070 paenam
225 995 279 1052 sibi
293 996 405 1053 relictus
419 1006 492 1053 errat
503 1014 568 1054 cum
580 1014 638 1052 suae
652 995 749 1052 salutis
764 994 922 1072 dispendio.
964 994 1106 1052 Caeterum
1120 995 1270 1055 humilium

99 1092 227 1167 precibus
242 1093 291 1166 qui
304 1094 449 1151 veritatem
463 1103 520 1150 toto
533 1092 617 1151 corde
630 1093 790 1164 exquirunt,
812 1102 841 1150 et
853 1091 987 1165 subsidiis
1001 1111 1064 1165 qua
1079 1091 1214 1150 Christus
1224 1091 1269 1165 dc·

99 1187 149 1256 dit,
164 1200 286 1258 utuntur,
301 1190 342 1249 nil
352 1200 436 1267 negat
446 1190 606 1251 misericors
620 1176 760 1247 luminum
776 1188 871 1247 Pater.

140 1284 207 1366 obj.
222 1290 251 1345 4.
274 1296 293 1323 ‘⁶
305 1286 376 1345 Haec
390 1296 434 1344 est
446 1287 502 1344 vita
515 1298 629 1353 eterna,
640 1295 672 1343 ut
685 1296 858 1362 cognoscant
870 1295 897 1343 te
910 1286 1002 1344 solum
1016 1284 1111 1343 Deum
1124 1303 1234 1353 verum,
1244 1293 1270 1341 et

97 1403 182 1460 quem
193 1386 411 1470 misistiJesum
426 1385 583 1444 Christum.
586 1385 620 1420 ”²
658 1385 737 1462 Ergo
761 1404 861 1445 omnes
884 1396 968 1444 secte
982 1384 1153 1443 Christiane
1175 1385 1206 1444 in
1227 1385 1269 1441 via

97 1485 196 1545 salutis
210 1495 285 1542 sunt.
919 1530 922 1539 .

137 1580 225 1658 Rcap.
248 1580 382 1658 cognitio
396 1579 462 1649 Dei,
478 1591 506 1639 et
519 1579 628 1639 Christi
641 1580 711 1640 Jesu
724 1581 760 1640 ad
773 1534 891 1640 salutern
900 1582 1066 1649 necessaria,
1079 1592 1123 1639 est
1134 1551 1205 1639 tides
1215 1599 1270 1639 om·

97 1677 176 1737 nium
191 1696 253 1751 quae
265 1676 405 1736 Christus
411 1677 523 1736 docuit:
546 1697 611 1736 nam
625 1697 650 1736 ιι
641 1679 876 1752 qualiscumque
889 1679 1029 1737 sufficeret
1042 1678 1178 1755 cognitio,
1194 1677 1267 1735 Soci-

96 1775 174 1835 niani
188 1786 272 1845 certe,
287 1796 336 1849 qur
328 1776 498 1835 Christum
512 1796 529 1833 a
542 1775 605 1835 Deo
620 1777 739 1835 missum
753 1787 917 1859 agnoscunt,
933 1777 1051 1834 salutem
1065 1766 1185 1852 possent
1197 1788 1266 1832 asse·

101 1875 160 1948 qui,
175 1894 248 1947 quos
262 1886 355 1933 tamen
369 1894 384 1932 a
398 1854 486 1939 salute
496 1856 606 1932 alienos
614 1874 718 1936 habent
728 1874 854 1950 plerique
866 1874 1066 1933 Protestantes.
1091 1874 1268 1952 Captivetur

97 1972 183 2050 igitur
197 1990 313 2031 necesse
328 1981 372 2029 est
384 1971 562 2028 intellectus'
555 1989 584 2029 ιιι
606 1969 713 2029 Christi
734 1971 911 2043 obsequium,
927 1979 955 2028 et
974 1971 1067 2029 omnis
1088 1970 1207 2030 scientia
1223 1987 1268 2026 ex·

95 2070 196 2129 tollens
209 2089 240 2128 se
255 2069 389 2127 adversus
404 2069 551 2126 scientiam
566 2068 621 2127 Dei
639 2067 804 2127 destruatur.

129 2167 205 2246 obj.
221 2173 249 2226 5.
269 2165 369 2226 Plures
384 2166 456 2224 inter
470 2163 581 2223 sanctos
590 2154 725 2237 ,coluntur
746 2167 936 2239 quietiores,
958 2166 1031 2223 inter
1051 2166 1176 2224 haereses
1200 2183 1270 2225 nunc

7 2252 10 2259 ¹
96 2273 284 2331 enumeratas,
298 2282 400 2340 magno
414 2263 499 2322 animi
513 2264 589 2331 nisu,
602 2263 662 2321 imo
677 2263 829 2339 pertinacia
849 2262 969 2349 quadam
990 2262 1183 2320 defenderunt
1220 2261 1270 2319 ste

97 2362 322 2420 Millenariorum
336 2380 413 2419 error
425 2360 571 2419 lustinum
585 2360 717 2433 aliosque
726 2361 824 2425 habuit
836 2371 1078 2438 propugnatores3
1099 2363 1269 2443 rebaptizan-

95 2457 175 2521 tium,
191 2448 379 2531 cyprianum,
394 2455 587 2530 plurrmosque
598 2456 744 2531 praesules
785 2457 863 2532 Ergo
877 2476 954 2515 error
973 2458 1047 2515 circa
1060 2448 1206 2553 articulum
1220 2456 1269 2514 mi·

94 2569 193 2611 norem
206 2544 289 2608 saluii
302 2569 360 2608 non
373 2549 1192 2606 officit·

46 2723 49 2727 Α
133 2647 222 2726 Rccp
244 2647 331 2707 Error
344 2666 403 2706 non
416 2646 503 2706 officit
515 2647 609 2717 saluti,
624 2648 675 2707 sed
688 2648 776 2712 animi
800 2650 830 2708 in
852 2669 887 2708 eo
909 2651 1014 2713 tuendo
1035 2624 1267 2728 pertinaciaque

95 2754 162 2804 tunc
176 2745 293 2804 habetur
306 2743 418 2818 quaudo
432 2742 570 2802 Ecclesiae
584 2744 696 2827 docenti
710 2747 773 2820 quis
786 2752 897 2805 recusat
916 2749 1054 2816 assentiri,
1076 2767 1155 2806 suam
1175 2764 1268 2825 supro·

94 2863 142 2904 mo
157 2846 218 2926 ejus
235 2843 346 2927 judicio
367 2843 530 2930 opinionem
550 2854 733 2921 anteponens.
775 2846 872 2904 Patres
893 2847 1035 2905 nonnulli
1042 2849 1186 2906 sanctitate
1206 2846 1269 2904 licet

95 2942 231 3020 insignes,
247 2943 341 2999 minus
355 2951 429 2999 recte
444 2941 479 2999 de
492 2941 636 3001 nonnullis
647 2943 783 3002 doctrinae
798 2944 934 3020 capitibus
949 2956 1107 3035 senserunt,
1121 2954 1268 3018 autequam

94 3039 215 3103 solemni
229 3039 369 3096 Ecclesiae
381 3039 490 3114 judicio
504 3059 549 3097 res
564 3041 634 3098 soret
648 3038 784 3115 eliquata.
799 3060 883 3100 nemo
896 3030 990 3101 'autern
1002 3056 1040 3101 ιιι
1054 3044 1111 3101 illis
1120 3043 1191 3101 fidei
1205 3043 1270 3100 defi
1285 3074 1288 3082 ·

94 3137 216 3196 niticncs
231 3136 336 3211 rejecit.
376 3127 449 3202 Quas
464 3146 557 3196 tamen
572 3138 606 3195 de
619 3140 765 3210 millennip
775 3132 890 3199 Justino
904 3142 1022 3213 aliisque
1036 3141 1269 3215 Patribusarrisit

94 3233 201 3311 opinio,
216 3231 300 3309 lon'ge
315 3232 399 3290 distat
412 3252 429 3288 a
443 3232 657 3309 Corinthiorum
668 3235 789 3311 impuris
804 3237 932 3294 somniis.
957 3238 1044 3309 'Quae
1059 3225 1201 3314 Cypriani
1220 3237 1285 3294 luit.

93 3328 128 3387 de
142 3329 308 3407 baptismate
322 3328 356 3385 ab
370 3327 510 3385 haereticis
534 3327 637 3386 collato
661 3331 808 3399 sententia,
823 3331 935 3390 decreto
961 3332 1104 3409 Stephani
1122 3319 1287 3391 Pontificis'

91 3429 178 3486 vetita
191 3438 243 3495 est,
259 3446 294 3485 ne
308 3427 339 3484 in
336 3427 475 3505 regulam
488 3425 674 3496 adhiberetur,
687 3426 740 3485 sed
753 3429 829 3491 nulla
842 3430 962 3489 solemni
976 3431 1140 3489 definitione
1151 3441 1196 3489 est
1208 3449 1268 3509 pro

91 3526 205 3603 scripta.
246 3524 393 3591 Quamvis,
408 3524 501 3601 igitur,
517 3524 579 3602 ipse
595 3524 639 3582 vel
662 3507 708 3583 alii
730 3526 845 3585 humani
869 3527 936 3600 quid
960 3530 1037 3604 passi
1057 3520 1213 3597 videantur,
1237 3537 1293 3586 ut·

92 3621 152 3678 suis
166 3621 311 3679 sententiis
324 3621 408 3678 nimis
424 3621 600 3691 inhaererent,
615 3641 672 3680 non
686 3631 779 3711 tamen
781 3625 946 3736 pertinaces
961 3636 989 3682 et
999 3627 1116 3685 rebelles
1129 3625 1265 3685 Ecclesiae

93 3716 238 3778 definienti
255 3719 438 3788 extiterunt.
504 3722 507 3727 '
575 3730 577 3735 '

139 3807 204 3891 obj.
221 3817 249 3871 6
271 3813 339 3872 ldeo
363 3776 480 3871 haeresis
494 3815 577 3891 culpa
590 3812 682 3895 gravis
696 3815 825 3903 babetur,-
831 3774 913 3893 quod
926 3808 1028 3878 dirinae
1043 3819 1189 3897 sapientiae
1201 3819 1268 3878 veri·
1266 3874 1273 3893 ,.

93 3910 152 3978 tati,
167 3919 195 3966 et
203 3902 340 3986 majestati
355 3910 490 3990 detrahit:
492 3912 580 3984 atqui
592 3925 676 3971 nemo
685 3932 714 3971 er
706 3896 869 3974 detrahere
881 3916 948 3985 vult,
961 3937 1048 3991 quum
1057 3937 1115 3976 non
1127 3918 1210 3976 Dco
1203 3919 1266 3996 rpsi,

93 4007 144 4067 ssd
158 4008 268 4067 homini
281 4008 338 4066 Dei
352 4010 544 4067 auctoritatem
557 4011 611 4068 sibi
626 4011 777 4072 vindicanti
791 4014 861 4072 fides
876 4002 1038 4094 denegetur.

131 4104 220 4182 Resp.
241 4103 354 4163 Insania
374 4105 488 4179 quidem
497 4106 573 4164 ¹foret
589 4106 650 4166 Deo
663 4109 729 4186 'ipsi
750 4110 876 4183 loquenti
886 4109 1032 4192 'denegare
1055 4113 1152 4184 fidem,
1167 4115 1267 4173 sedin

94 4202 188 4261 Deum
202 4209 342 4278 peccatur,
357 4201 424 4260 dum
438 4222 479 4260 ιι
493 4221 563 4275 quas
578 4204 711 4262 revelavit
724 4207 863 4277 veritates,
873 4210 907 4266 ab
920 4198 958 4267 iis
972 4211 1154 4288 promulgata
1167 4214 1267 4286 quibus

94 4298 123 4356 id
136 4297 260 4357 muneris
275 4293 462 4367 demandavit,
474 4301 771 4377 ,temererejiciuntun
787 4316 915 4363 nameus
935 4306 978 4363 sui
994 4307 1094 4364 instar.
1114 4308 1267 4366 audiendos

543 4510 579 4570 (l)
596 4511 665 4561 Joan.
678 4476 734 4561 arii.
745 4513 768 4563 3.
780 4495 782 4502 ⁸
