2738 5032
123 272 184 329 228
372 270 429 331 DE
450 268 807 331 arosuonlcrra‘rs
829 256 1060 349 EOCLESIAE.

129 445 186 503 que
198 427 274 487 cultu
288 429 410 507 publico,
427 439 455 488 et
468 429 536 488 alias
549 429 709 489 executioni
728 426 922 488 demandanda
935 434 1107 493 curaverant,
1122 423 1212 482 fuisse
1223 416 1305 478 simul
1357 482 1359 491 ¹

127 526 162 585 ab
179 525 313 585 omnibus
326 527 462 586 oblivioni
475 526 583 586 tradita.

602 721 772 762 PROPOSI'I'IO
792 720 839 762 111.

167 832 298 893 Ecclesia
317 832 476 903 catholice,
501 836 610 895 scilicet
633 834 765 895 Ecclesia
790 835 895 909 ubique
918 843 1053 905 terrarum
1076 830 1216 890 Romanae
1241 822 1306 883 Sodi

93 997 96 1003 ,
128 931 328 991 communione
342 932 501 1010 conjuncta,
516 945 559 991 est
572 933 748 1010 Apostolica.

166 1024 257 1086 Proh.
277 1027 312 1086 ln
326 1028 388 1104 ipsa
401 1028 468 1087 sede
483 1029 611 1088 Romana
632 1038 740 1086 servata
760 1037 803 1086 est
817 1025 983 1105 Apostolica
999 1021 1154 1089 successio,
1168 1013 1308 1096 Episcopi

125 1121 232 1200 quippe
246 1143 263 1181 a
276 1124 449 1201 temporibus
470 1125 546 1184 Petri
560 1134 589 1183 et
608 1124 690 1183 Pauli
711 1126 783 1183 serie
804 1110 959 1197 numquam
979 1120 1144 1197 interrupta,
1160 1120 1306 1175 successu·

126 1229 200 1277 runt.
229 1218 397 1298 catalogum
416 1220 544 1279 secundo
557 1222 662 1279 seculo
676 1204 770 1279 medio
784 1219 905 1297 proebuit
919 1218 950 1277 S.
965 1216 1101 1295 Irenaeus,
1116 1232 1204 1288 quern
1216 1208 1310 1269 secuti

126 1324 192 1374 suut
211 1316 317 1393 plures,
340 1317 413 1376 inter
433 1337 504 1391 quos
524 1315 699 1394 Augustinus
721 1317 762 1375 sic
785 1320 929 1393 provocat
942 1314 1096 1375 sectarios:
1120 1314 1140 1348 “
1152 1308 1310 1368 Numerste

127 1414 286 1477 sacerdotes
300 1415 345 1473 vel
359 1415 392 1473 ab
406 1414 469 1491 ipsa
479 1414 557 1474 Petri
571 1414 648 1482 sede,
663 1416 735 1474 etin
749 1408 847 1474 ordine
865 1414 915 1473 illo
929 1413 1045 1473 Petrum
1059 1409 1123 1484 quis
1137 1409 1186 1467 cui
1199 1414 1313 1465 su‘cces·

127 1511 174 1577 sit,
189 1510 300 1568 videte:
322 1511 385 1588 ipsa
407 1521 450 1568 est
463 1520 550 1588 petra,
572 1529 656 1584 quam
677 1530 734 1570 uon
748 1511 865 1569 vincunt
878 1509 1015 1586 superbae
1030 1507 1186 1565 inferorum
1200 1494 1315 1580 portes

130 1602 245 1662 Nostris
260 1607 433 1682 temporibus
447 1607 589 1683 catalogus
604 1606 762 1674 exhibetur,
775 1625 812 1664 ex
825 1605 1003 1664 documentis
1024 1601 1195 1663 authenticis
1209 1594 1314 1658 dedum

127 1708 183 1767 tus,
204 1701 356 1777 presulum
377 1703 425 1776 qui
445 1703 612 1779 peremnia
632 1703 771 1778 praeterita
790 1702 893 1759 secula
912 1688 976 1760 earn
997 1708 1172 1775 occuparunt
1193 1694 1312 1754 sedemt

128 1796 194 1856 inde
207 1798 297 1873 liquet
306 1803 517 1859 successionem
532 1802 560 1859 in
572 1820 606 1858 ea
618 1799 686 1858 sede
700 1790 783 1877 plane
797 1808 947 1867 servatam,
962 1816 1014 1877 per
1026 1816 1088 1856 eam
1102 1805 1198 1854 autem
1209 1795 1240 1853 in
1253 1802 1313 1880 tots

127 1894 268 1964 Ecclesia,
283 1916 356 1971 quae,
371 1899 570 1957 communione
584 1898 646 1973 ejus
661 1897 766 1964 t'rttens,
781 1897 963 1973 Apostolicos
977 1896 1053 1954 viros
1076 1893 1111 1952 ab
1133 1908 1168 1951 ea
1188 1889 1316 1967 excipie⁴

127 1992 184 2064 bat,
199 1994 245 2054 vel
258 1980 372 2054 ordines
386 1996 496 2062 saltem,
511 2012 549 2052 ex
563 1994 598 2051 iis
613 1994 663 2067 qui
684 1994 908 2071 agnoscebantur
920 2012 971 2052 eos
985 1988 1152 2052 conserendi
1171 1995 1315 2068 potestate

127 2093 263 2171 praediti.¹
282 2093 327 2152 De
341 2094 460 2170 singulis
477 2092 591 2151 sedibus
604 2091 760 2150 Catholicis
775 2090 827 2169 p'er
838 2093 945 2163 orbem,
960 2099 1070 2151 constat
1083 2086 1249 2168 Episcopos
1264 2086 1315 2164 qui

128 2202 192 2250 actu
212 2210 260 2249 eas
274 2203 413 2269 occupant
426 2192 636 2250 successionem
652 2190 777 2249 derivare
792 2190 894 2249 abillis
910 2191 990 2265 quia
1010 2188 1143 2255 Romano
1163 2184 1316 2267 Episccpd

128 2288 196 2347 olim
211 2298 277 2346 sunt
290 2289 382 2357 missi,
398 2288 443 2346 rel
464 2306 498 2346 eo
515 2287 615 2345 saltem
635 2286 845 2345 communionis
861 2287 927 2363 jura
940 2270 1089 2354 tribuente,
1104 2284 1317 2362 Apostolicum,

128 2385 244 2461 quippe,
254 2384 442 2442 ministerium
456 2383 666 2441 consecratione
678 2382 846 2458 Episcopali
861 2391 904 2440 est
918 2380 1128 2439 transmissum.

171 2477 242 2537 Ideo
263 2480 437 2554 Augustinus
453 2478 619 2536 Donatistae
636 2477 767 2535 refellens
788 2470 1048 2536 ad'suscess‘ionem
1068 2472 1269 2554 Episcopalem
1285 2475 1319 2534 itr

127 2572 210 2634 'Petri
224 2573 360 2633 cathedra
376 2574 506 2632 Romana
526 2583 664 2631 servatam
685 2573 829 2651 confugit:
853 2582 872 2609 ‘⁶
883 2572 915 2631 Si
936 2575 1013 2632 enim
1027 2572 1097 2632 ordo
1113 2571 1316 2649 cpiscoporum

128 2672 184 2731 sibi
204 2671 413 2732 succedentium
435 2669 657 2730 considerandus
678 2680 731 2739 est,
747 2681 851 2743 quanto
866 2672 969 2730 certius
983 2681 1012 2730 et
1025 2688 1092 2730 vere
1111 2668 1257 2729 salubriter
1276 2670 1315 2728 ab

127 2768 192 2847 ipso
206 2769 291 2828 Petro
305 2786 495 2836 numeramus,
510 2769 555 2826 cui
571 2767 655 2825 totius
670 2766 809 2825 Ecclesiae
824 2768 945 2844 figuram
960 2767 1068 2845 gerenti
1083 2764 1225 2825 Dominus
1238 2763 1278 2821 ait
1290 2768 1315 2821 ι·

129 2866 239 2943 ‘Super
251 2864 325 2924 hanc
340 2876 457 2943 petram,
472 2854 616 2923 edificabo
629 2863 791 2922 Ecclesiam
811 2882 915 2932 mesen
930 2873 958 2922 et
978 2872 1066 2941 ponc
1080 2861 1236 2921 infcrorur'n
1254 2870 1317 2919 nort

129 2962 244 3021 uincent
258 2962 341 3021 eam.'
383 2964 467 3022 Petro
489 2963 566 3020 enim
580 2962 719 3020 successit
739 2958 840 3030 Linus,
856 2961 931 3021 Line
951 2961 1100 3020 Clemens.
1117 2960 1140 2999 '*
1160 2963 1177 2997 ¹
1197 2964 1214 2997 ⁴
1234 2957 1316 3019 talio

130 3056 280 3126 Liberius3
295 3058 409 3115 Liberio
424 3059 584 3127 Damasus3
606 3058 743 3126 Damaso,
757 3058 893 3128 Sinicius3
915 3059 1028 3127 Siricis,
1043 3056 1261 3117 Anastasius.”¹

169 3152 228 3212 Diu
242 3162 305 3210 ante
319 3154 510 3229 Tertullianus
525 3155 648 3211 rerimtis
664 3153 823 3215 studiosum
838 3154 872 3212 ad
886 3154 1067 3232 Apostolicas
1089 3154 1202 3214 remisit
1215 3154 1319 3213 Eeele÷

129 3240 198 3321 sias,
220 3244 374 3327 presertim
402 3249 571 3318 Romanam,
593 3249 720 3326 pluribus
741 3252 819 3309 enim
840 3252 995 3310 recensitis=
1007 3251 1081 3310 hane
1100 3242 1178 3310 inire
1194 3250 1317 3311 'extollit¹

136 3346 199 3405 “Si
219 3356 313 3405 autem
334 3344 413 3405 Italae
433 3344 555 3423 adjaces,
570 3344 656 3405 habes
676 3344 809 3413 Romam,
831 3344 906 3405 unde
926 3348 1009 3406 nobis
1030 3350 1146 3421 quoqne
1165 3332 1318 3427 aucteritas

114 3462 117 3467 ’
134 3454 237 3521 presto
250 3452 303 3502 est.
343 3441 402 3501 Ista
415 3460 500 3516 quam
514 3441 582 3500 selix
596 3441 745 3500 Ecclesia!
766 3442 814 3501 oui
827 3453 913 3501 totam
927 3426 1084 3502 doctrinam
1098 3444 1234 3520 Apostoli
1247 3458 1315 3503 cum

134 3542 271 3618 sanguine
284 3560 337 3600 suo
358 3539 550 3618 profuderunt,
565 3539 613 3599 ubi
628 3540 729 3599 Petrus
750 3541 876 3618 passioni
892 3541 1051 3600 Dominioe
1063 3540 1253 3618 adaequaturr
1269 3540 1320 3600 ubi

133 3636 239 3698 Paulus
261 3637 380 3699 Joannis
400 3639 479 3697 exitu
501 3640 669 3701 coronatur:
690 3639 739 3697 nbi
761 3639 915 3717 Apostolus
929 3638 1066 3710 ioannes,
1081 3638 1270 3718 posteaquam
1288 3639 1320 3698 is

132 3736 226 3795 oleum
240 3737 355 3815 igneum
369 3737 515 3796 demersus
531 3736 602 3795 nihil
616 3738 718 3813 passus
732 3746 785 3804 est,
797 3739 827 3795 in
841 3737 962 3797 insulam
971 3738 1123 3817 relegatur.
1156 3736 1319 3797 Videamus

132 3835 201 3911 quid
224 3834 360 3903 didicerit,
382 3835 450 3911 quid
472 3835 608 3904 docuerit,
626 3854 691 3893 cum
712 3832 852 3893 Asri'eanis
874 3855 987 3911 quoque
1008 3837 1151 3897 Ecclesii's
1170 3840 1322 3897 'contesse-

132 3932 247 3993 rarit.’'⁴

175 4028 241 4109 obj.
261 4029 370 4091 Incerta
391 4031 509 4091 omnino
529 4040 574 4089 est
593 4030 737 4089 successio
753 4030 782 4088 in
803 4014 934 4090 Romana
953 4032 1033 4103 sede,
1047 4050 1113 4092 nam
1130 4032 1241 4092 variant
1255 4052 1324 4092 auc·

163 4188 201 4250 (1)
218 4186 250 4237 In
261 4186 302 4236 Pe.
313 4194 398 4238 contra
409 4195 503 4252 partem
517 4187 617 4237 Donati.
673 4163 677 4168 ’

163 4272 201 4336 (3)
218 4272 263 4336 Bp.
274 4271 530 4338 Beveridgessermwl
556 4271 857 4337 Chriat’spreseucewrth
869 4272 907 4323 ins
919 4266 1220 4357 ministers,p.24,vol.1
1248 4263 1324 4325 “We

131 4355 168 4405 do
180 4361 223 4405 not
240 4353 304 4419 deny
320 4354 373 4404 thet
388 4356 429 4404 the
445 4354 596 4458 Apostolical
615 4355 755 4436 successies
770 4355 830 4408 bath
843 4356 910 4408 been
927 4350 1083 4444 ιιιιιὶίιίιιιάἸ
1076 4373 1103 4407 ιιι
1123 4348 1165 4407 the
1183 4349 1280 4409 church
1296 4358 1331 4409 of

133 4440 237 4492 Romed’

168 4524 205 4586 (3)
223 4523 269 4589 Ep.
279 4522 318 4573 53.
329 4521 388 4572 olim
400 4521 453 4571 165
465 4522 637 4574 sollenne.

162 4609 200 4670 (A)
216 4607 352 4659 'letalde
363 4621 460 4672 presses.
468 4622 490 4656 c.
497 4607 539 4657 36.
550 4624 572 4671 p
582 4607 636 4661 345,
