2738 5032
88 255 147 311 22⁰
341 251 397 311 DE
418 248 775 311 uros'rolicluaus
796 245 1026 317 EOCIESIAE.

88 410 218 469 cessione
231 411 369 470 charisma
391 409 513 468 veritatis
527 418 632 466 certum
651 407 805 466 secundum
821 407 953 483 placitum
975 405 1066 464 Patris
1087 413 1263 482 accepemnt

89 506 226 579 Reliquos
241 505 305 566 verd
319 506 368 581 qui
383 506 523 564 obsistunt
543 525 560 563 a
579 503 728 581 principali
743 505 935 571 successione,
951 514 979 563 et
1003 520 1185 575 quocumque
1206 501 1266 559 loco

90 603 268 679 colliguntur,
280 614 427 679 suspectos
442 602 554 667 habere,
570 600 614 658 vel
635 600 716 672 quasi
735 599 882 658 hereticos
903 610 931 656 et
951 598 1030 656 male
1051 597 1211 666 sententie,
1225 596 1276 667 vol¹

89 699 170 771 quasi
183 699 354 766 scindentes,
368 697 508 765 meletos,
523 706 552 754 et
563 695 619 755 sibi
632 695 822 771 placentes.”²
862 694 1054 779 Tertullianus
1068 692 1214 757 Sectarios
1226 691 1267 751 rio

90 807 169 873 urget
193 796 319 855 “Edant
338 795 461 872 origines
481 793 675 853 Ecclesiamm
696 812 821 862 suarum,
841 794 974 852 evolvant
996 790 1124 853 ordinem
1141 789 1269 877 'Episto-

89 911 189 969 porum
203 912 328 961 suorum,
343 890 381 949 ita
394 909 445 967 per
465 872 665 949 successiones
678 891 712 948 ab
732 891 814 963 initio
833 889 1039 956 decurrentem,
1054 898 1085 947 ut
1098 886 1211 965 primus
1224 884 1270 943 ille

83 989 252 1067 Episcopus
273 989 395 1063 aliquem
421 1005 458 1047 ex
481 987 637 1065 Apostolis,
652 986 698 1045 vel
722 987 895 1065 apostolicis
919 986 997 1053 viris,
1011 985 1062 1058 qui
1085 995 1183 1043 tamen
1206 1000 1271 1043 curu

89 1086 234 1163 Apostolis
249 1085 477 1165 perseveraverit,
492 1084 620 1157 habuerit
633 1094 775 1143 auctorem
796 1094 824 1143 et
844 1095 1063 1153 antecessorem.
1104 1082 1173 1141 Hoc-
1193 1081 1269 1141 enim

89 1181 175 1241 modo
195 1183 334 1242 Ecclesia
353 1181 525 1259 Apostolica
553 1169 656 1239 census
681 1166 734 1245 suo
757 1180 896 1239 deserunt.
950 1180 1031 1238 Sicut
1053 1178 1272 1257 Smymaeorum

89 1278 219 1339 Ecclesia
239 1281 347 1347 habens
371 1279 563 1355 Polycarpum
587 1297 603 1335 a
626 1277 737 1339 Joanne
761 1278 957 1346 conlocatum
978 1277 1053 1335 sicut
1074 1275 1272 1335 Romanomm

90 1376 268 1437 ctamentem
281 1399 297 1436 a
311 1378 396 1436 Petro
414 1375 578 1435 'ordinatum
599 1375 673 1434 edit:
695 1376 813 1453 proinde
838 1376 936 1449 utique
958 1384 987 1432 et
1004 1383 1113 1451 caterae
1126 1359 1274 1441 exhibent,

89 1491 160 1545 quoe
175 1475 209 1531 ab
222 1472 367 1551 Apostolis
381 1473 412 1530 iu
424 1471 630 1549 Episcopatum
644 1458 821 1543 constitutos,
836 1469 995 1547 Apostolici
1009 1469 1129 1527 seminis
1143 1468 1276 1531 traducet

88 1568 218 1645 habeant.
268 1567 441 1645 Confingant
457 1568 515 1629 ‚tale
537 1567 644 1651 aliquid
666 1567 838 1627 heretici.”⁹
885 1567 917 1624 S.
943 1565 1065 1643 Optatus
1086 1564 1277 1625 Milevitauus

90 1663 253 1722 Donatistas
264 1651 414 1740 provocat:
431 1673 451 1700 ‘⁶
461 1663 571 1721 Vestrae
582 1661 731 1723 cathedre
745 1663 883 1740 originem
897 1661 1016 1730 reddite,
1028 1660 1078 1735 qui
1092 1660 1176 1733 vohis
1190 1659 1275 1719 vultis

91 1761 224 1821 Sanctam
238 1762 397 1820 Ecclesiam
412 1760 601 1821 vindicare.’'⁸
641 1762 672 1819 S.
688 1763 864 1839 Augustinus
884 1761 957 1819 inter
970 1779 1005 1819 ea
1018 1778 1081 1834 que
1092 1777 1160 1819 eum
1175 1758 1276 1819 que·

89 1860 176 1918 clesia
188 1861 309 1919 retinent
322 1860 532 1919 successionem
548 1880 564 1916 a
578 1859 655 1917 Petri
670 1858 737 1917 sede
751 1862 921 1917 enumerat.⁴

129 1957 273 2030 Equidem
286 1956 416 2014 Ecclesia
428 1954 536 2012 Christi
548 1954 645 2013 haberi
656 1946 756 2028 nequit
769 1972 831 2026 quae
846 1973 911 2011 eum
923 1953 1100 2012 fundatorem
1111 1952 1276 2035 nonhabet,

90 2053 153 2129 ipse
168 2065 259 2110 autem
274 2051 473 2129 Apostolorum
489 2067 557 2105 usus
571 2059 615 2106 est
627 2066 713 2125 opera
726 2048 755 2106 in
769 2067 803 2106 ea
816 2047 973 2107 fundanda:
995 2059 1167 2126 quapropter
1177 2048 1214 2107 ad
1225 2067 1275 2109 sos

89 2152 229 2230 pertingat
236 2151 315 2228 origo
327 2166 443 2207 necesse
454 2159 507 2206 est.
529 2132 722 2221 Quaecumque
733 2147 818 2225 igitur
828 2145 955 2206 Societas
968 2148 1119 2224 Pastomm
1133 2148 1169 2206 ab
1182 2148 1274 2225 Apos-

90 2249 155 2306 tolis
180 2258 255 2307 caret
279 2247 470 2312 successione,
486 2264 543 2319 non
567 2254 611 2302 est
630 2240 739 2303 Christi
761 2244 903 2314 Ecclesia,
924 2242 976 2303 sed
994 2243 1138 2307 humanus
1159 2243 1276 2318 quidem

90 2357 186 2402 caetus.
227 2345 367 2404 Praeterea
380 2343 508 2401 Societas
522 2362 539 2399 a
552 2340 668 2399 Christo
682 2332 808 2399 instituta
820 2340 883 2409 suit,
897 2340 939 2399 uti
952 2340 1146 2417 probavimus,
1161 2348 1276 2418 semper

89 2442 191 2508 sutura,
205 2442 282 2498 nulla
296 2441 323 2498 vi
337 2438 503 2516 superanda,
518 2439 596 2497 nullo
609 2439 744 2516 temporis
758 2438 840 2516 lapsu
859 2438 1026 2497 interiturae
1047 2449 1078 2496 et
1089 2439 1120 2498 in
1135 2432 1170 2501 ca
1182 2439 1277 2516 Apos-
1312 2428 1316 2433 ¹

90 2535 205 2593 tolicum
220 2535 378 2592 institutum
400 2545 444 2592 est
465 2533 663 2609 ministerium,
685 2532 807 2592 solemni
826 2533 1030 2610 pollicitatione
1049 2554 1068 2592 a
1090 2533 1208 2594 Christo
1230 2533 1278 2595 ad·

88 2633 175 2710 jecta,
190 2650 221 2690 se
235 2634 262 2690 ei
276 2631 313 2690 ad
325 2631 596 2691 consummationem
611 2630 710 2690 muudi
720 2631 889 2691 adfuturum.
933 2630 1009 2691 Vera
1020 2632 1129 2693 Christi
1141 2625 1278 2711 Ecclesia

90 2728 250 2789 necessario
274 2729 378 2793 idcirco
402 2728 471 2787 illud
493 2724 796 2798 hebet'ministerinni,
818 2730 892 2788 serie
919 2735 1074 2804 numquam
1100 2729 1275 2805 interrupta:

89 2839 172 2907 rupta
185 2830 261 2887 enim
275 2828 348 2886 serie
369 2826 522 2904 promissio
537 2825 654 2903 Christi,
666 2826 737 2895 falsa
760 2826 985 2889 demonstratur:
1011 2826 1172 2909 necessario
1191 2825 1279 2884 etiam

89 2926 174 2985 habet
185 2926 302 2985 eandem
316 2926 473 2985 doctrinam
488 2924 566 2984 omni
580 2934 717 3002 tempore,
731 2944 785 2985 nec
795 2926 878 2984 ¹enim
891 2925 948 2985 illie
963 2925 1131 3002 simpliciter
1144 2924 1218 2984 facta
1235 2934 1282 2985 est

91 3025 253 3101 promissio,
276 3023 327 3081 sed
347 3024 452 3099 previo
472 3021 604 3082 mandato
628 3022 748 3083 docendi
771 3034 800 3105 et
822 3023 995 3102 baptizandi.
1035 3024 1191 3085 Permanet
1211 3040 1280 3102 ergo

91 3124 206 3194 semper
219 3117 383 3193 Apostolica
403 3116 528 3175 doctrina
541 3119 572 3175 in
593 3119 749 3177 ministerio
766 3119 943 3196 apostolico.
986 3118 1132 3195 Equidem
1154 3119 1278 3179 societas

91 3234 154 3290 quae
175 3214 313 3292 originem
334 3232 415 3271 suam
434 3212 469 3271 ad
489 3210 643 3295 Apostolos
657 3197 760 3286 referre
774 3216 882 3290 nequit,
896 3235 954 3275 non
966 3225 1063 3294 potest
1076 3215 1127 3274 illu¹
1138 3216 1194 3275 niti
1214 3232 1280 3295 pro·

91 3313 239 3382 missione,
262 3330 350 3385 quum
376 3310 530 3387 apostolis,
546 3319 575 3367 et
593 3330 630 3368 ex
650 3313 806 3372 verborum
820 3312 947 3390 ipsorum
967 3322 1077 3382 tenore,
1090 3329 1194 3372 eorum
1215 3316 1279 3373 suci

91 3410 262 3493 sessoribus,
278 3408 508 3483 omnitempore,
523 3406 558 3464 ad
578 3408 664 3469 finem
679 3426 769 3484 usqne
789 3410 898 3481 mundi,
913 3410 951 3469 sit
970 3410 1052 3487 facta,
1064 3427 1122 3470 non
1135 3410 1202 3483 aliis
1219 3408 1280 3486 qui'·

90 3509 275 3579 huecumque.
386 3530 389 3535 ·
416 3520 419 3525 '
1102 3574 1105 3579 Ι
1132 3497 1135 3503 ’
1156 3511 1175 3587 '¹

135 3603 200 3682 Odj.
218 3608 244 3661 1.
266 3600 424 3661 Seriesill'a
437 3614 581 3679 pastorum
592 3603 627 3660 ab
637 3600 785 3680 apostolis
797 3596 879 3664 hand·¹
887 3605 1040 3682 interrupta
1049 3602 1110 3663 ¹non
1121 3610 1282 3665 est'ne'ces·

92 3700 196 3757 sarium
208 3700 332 3758 veritatis
343 3710 548 3777 argumentum,
558 3700 608 3757 sed
621 3700 725 3759 sufficit
736 3711 766 3759 ut
774 3703 890 3760 verbum
899 3701 955 3761 Dei
966 3702 1109 3782 integrum·
1118 3684 1283 3779 purumque

92 3795 268 3874 predicetur.
405 3800 408 3805 '
642 3854 645 3858 ,
747 3848 750 3854 .
787 3820 790 3825 ’
1039 3864 1043 3871 ¹

131 3891 219 3969 Hesp.
243 3893 411 3952 Praedicatio
436 3893 541 3957 nullam
565 3893 650 3951 habet
672 3884 862 3954 auctoritatem
882 3895 928 3954 rel
947 3895 1144 3955 certitudinem
1166 3896 1280 3957 nisiex

95 3991 192 4049 divino
206 3989 356 4049 mandato:
380 3989 553 4063 “quomodo
565 3991 657 4049 autem
675 3992 866 4068 praedicabunt
885 3992 941 4051 nisi
962 3992 1106 4052 mittantur
1115 3992 1165 4050 l”⁵
1204 3994 1280 4054 Illud

94 4085 238 4166 Apostolis
253 4086 363 4145 datum:
387 4097 406 4124 ‘⁴
417 4087 527 4145 Euntss
542 4087 571 4145 in
585 4087 747 4147 universum
762 4089 908 4160 mundum,
923 4091 1071 4167 praedicate
1085 4091 1278 4170 Evangeliurn

319 4276 327 4283 ··
382 4261 699 4327 (1)1.-iv.e.xliitp381.
760 4224 765 4232 ⁴

384 4345 420 4407 (2)
437 4347 478 4396 lib.
489 4346 520 4396 de
531 4358 629 4425 pruscr.

383 4429 420 4490 (3)
437 4431 453 4480 l.
464 4430 490 4480 ii.
501 4436 587 4481 contra
597 4431 711 4485 Parmen.
721 4431 759 4481 ed.
768 4432 821 4485 ce.
833 4434 894 4500 Agr.
905 4435 975 4486 1596.

382 4511 419 4572 (4)
436 4512 453 4561 l.
463 4513 494 4599 iv:
505 4519 591 4563 eontra
600 4531 639 4580 ep.
649 4514 757 4575 hundam·
768 4531 789 4567 c.
800 4516 831 4581 ip.

382 4595 418 4656 (5)
435 4596 507 4646 Rom.
518 4613 542 4646 x.
553 4597 592 4648 14.
603 4646 606 4651 ,
