2768 5032
364 112 635 173 cutus'rtsNAE
657 111 975 173 Ruvuut'rtottrs.
1245 112 1284 179 97

100 269 160 330 lum
173 264 217 329 ιιι
230 271 293 329 vite
314 291 417 330 munus
432 271 508 345 quod
530 291 587 330 non
609 272 729 330 obierint
750 290 871 331 summa
882 290 946 329 cum
968 269 1051 329 laude
1074 271 1204 329 homines
1219 289 1283 329 vere

102 366 269 443 Christiani,
283 367 349 425 fide
346 379 381 425 et
394 368 519 427 moribus
534 369 630 441 utique
644 367 843 427 commendati.

127 456 206 549 Q
221 471 252 521 2.
274 464 349 535 Tota
371 462 521 549 disciplina
544 464 706 523 Christiana
729 484 763 522 eo
786 462 875 529 t'endit
889 476 928 521 ut
952 465 1082 523 homines
1105 485 1121 521 a
1143 465 1283 522 Societste

65 548 174 631 -eitili
184 572 349 629 avocentur,
362 562 473 621 tristem
484 572 679 636 austerumque
694 563 778 621 vitam
793 562 905 640 degant,
918 574 946 620 et
956 582 1096 621 summam
1109 564 1241 621 ¹uirtutem
1253 565 1284 620 iu

92 660 255 737 paupertate
265 660 370 725 otiosa,
386 658 523 726 celibem,
538 658 772 726 macerationibus
787 660 924 736 corporis,
940 660 1059 732 aliisque
1074 671 1191 727 nature,
1207 661 1285 719 bono
1355 654 1357 663 ’

94 756 219 832 publico,
231 755 416 827 'hominisque
431 738 555 813 felicitati
570 756 653 832 plane
668 755 805 813 adversis.

130 851 221 931 Imp.
236 836 404 929 Disciplina
417 851 591 918 Christiana,
612 853 654 927 uti
667 852 826 912 audivimus
840 873 877 912 ex
895 834 1067 931 linguanae,
1085 865 1283 912 totaversatur

96 944 461 1011 elementissimus
484 942 587 1009 muniis
608 951 672 1008 vite
694 944 871 1023 exercendis.
913 951 997 1019 Quod
1019 934 1044 1010 ιι
1065 953 1186 1011 eximiae
1206 952 1283 1011 laudi

99 1046 234 1113 habeatur
247 1047 281 1104 ab
295 1046 412 1104 aliomm
433 1045 591 1118 frequentia
605 1066 636 1109 se
651 1047 816 1116 subducere,
831 1061 863 1106 ut
875 1049 978 1106 divinis
993 1050 1057 1121 quis
1071 1060 1152 1106 vacet
1168 1049 1284 1107 medita·

95 1144 232 1210 tionibus,
253 1142 356 1206 mirum
378 1161 436 1200 non
459 1141 543 1199 debet
561 1143 673 1211 videri,
677 1162 765 1216 quum
788 1145 875 1203 animi
888 1145 1107 1233 exercitationes
1125 1155 1154 1202 et
1172 1145 1282 1205 delicie

98 1243 185 1319 longe
194 1249 332 1316 presunt
343 1239 470 1317 corporis
483 1240 624 1298 hboribus
640 1241 684 1298 vel
699 1242 897 1318 voluptatibus,
912 1243 953 1323 uti
971 1253 1146 1318 agnoverunt
1165 1226 1283 1301 Ethnici

99 1337 168 1414 ipsi,
181 1336 269 1396 otium
282 1335 519 1429 philosopherum
541 1347 581 1393 ιοι
603 1337 777 1429 cumulantes
799 1338 938 1397 laudibus.
980 1340 1112 1398 Pericula
1124 1339 1249 1413 quibus
1241 1359 1283 1397 ιιι

97 1414 237 1491 firmiore's
248 1431 360 1505 quidam
372 1431 533 1508 subjacent,¹
541 1432 646 1489 faciunt
654 1421 686 1495 ιιι
695 1434 828 1509 probetur
837 1434 989 1492 consilium
1002 1435 1173 1494 intutiorem
1187 1436 1283 1495 locum

99 1550 129 1590 se
143 1524 318 1598 conferendi,
329 1548 383 1609 nec
396 1529 473 1586 enim
487 1529 620 1605 procellis
631 1540 763 1602 quassata
776 1532 856 1588 navis
870 1531 951 1589 facile
962 1545 1032 1590 este
1044 1543 1126 1615 portu
1137 1512 1282 1593 solvenda.

99 1628 182 1699 Nihil
203 1618 296 1687 autem
320 1628 398 1709 triete
420 1626 564 1686 invenitur-
581 1628 611 1685 in
632 1627 781 1704 disciplina
795 1626 968 1695 Christiana,
982 1630 1038 1706 ipsi
1058 1631 1283 1708 enim-corporis

97 1718 246 1823 erupimus,
255 1723 464 1797 qnos‘subeunt
475 1723 614 1791 nonnulli,
627 1724 721 1800 priora
733 1734 764 1781 ut
777 1725 872 1782 eluant
885 1710 996 1792 delicta,
1009 1725 1053 1782 vel
1067 1744 1179 1801 carnem
1195 1728 1283 1785 rebel·

87 1802 152 1891 ⁴leiti
166 1829 198 1879 ut
211 1819 409 1896 comprimant,
424 1833 558 1895 magnum
574 1821 675 1885 anime
696 1816 824 1879 levamen
838 1832 867 1878 et
879 1821 1012 1897 gaudium
1026 1822 1128 1881 serunt.
1170 1822 1283 1895 Fallun-

95 1926 137 1976 tur
149 1916 200 1993 qui
214 1926 315 2009 putant
332 1916 362 1973 in
375 1933 425 1975 esu
441 1925 469 1972 et
482 1926 561 1991 potu,
576 1927 605 1974 et
618 1917 739 1979 vestium
753 1918 834 1983 luxu,
850 1918 894 1974 vel
908 1918 1047 1979 sodalium
1063 1917 1213 1977 ridentium
1227 1918 1283 1979 ue·

98 2006 233 2091 quentia
234 2013 427 2073 felicitatem
419 2013 558 2071 inveniri:
584 2015 689 2091 sepius
713 2016 789 2072 enim
812 2017 915 2073 aculeis
938 2016 1051 2074 invidiae
1073 2017 1219 2096 agitantur,
1237 2016 1283 2074 rel

97 2111 349 2178 contumeliarum
364 2109 431 2167 dum
446 2109 533 2166 homo
542 2112 666 2168 externis
677 2111 733 2168 illis
748 2112 856 2169 solatiis
870 2128 979 2180 carens,
994 2115 1081 2170 animi
1073 2113 1197 2189 gaudet
1210 2123 1283 2172 tran·

98 2202 243 2285 quillita'te.
285 2194 383 2264 Virtus
399 2216 497 2279 autem
520 2205 595 2283 apud
617 2224 670 2265 nos
691 2226 748 2267 non
768 2207 886 2265 habetur
906 2220 1056 2286 paupertas
1069 2212 1169 2278 otiosa,
1184 2210 1235 2268 sed
1249 2231 1283 2269 ea

97 2304 183 2363 animi
196 2302 347 2387 dispesitis
361 2321 418 2377 qua
431 2295 536 2365 divitie
554 2304 635 2378 parvi
654 2304 735 2371 fiunt,
750 2316 780 2362 et
795 2304 898 2371 studio,
920 2306 1024 2374 labore,
1040 2307 1181 2380 omnique
1195 2309 1282 2366 animi

96 2411 195 2467 conatu
217 2401 345 2481 celestes
368 2409 531 2472 queruntur
552 2398 688 2465 thesiuri.
730 2400 885 2459 Coelibatus
900 2402 1006 2461 idcirco
1026 2402 1303 2478 estimatunquod

97 2495 184 2557 homo
196 2496 387 2574 voluptatibus
401 2492 528 2577 corporis
542 2498 692 2565 renuntiat,
706 2507 738 2555 ut
758 2498 882 2555 liberiori
902 2498 1004 2556 affectu
1021 2501 1104 2557 rebus
1120 2511 1199 2558 vacet
1212 2500 1282 2558 divi·

99 2593 151 2651 nis.
192 2591 264 2678 Inde
284 2578 378 2650 autem
398 2590 542 2666 profluunt
564 2612 672 2670 magne
693 2593 729 2651 ad
749 2594 819 2651 alios
833 2594 985 2662 utilitates,;
1007 2595 1056 2667 qui
1070 2596 1146 2653 enim
1168 2596 1280 2654 familiae

98 2684 171 2750 haud
183 2687 316 2751 oneratur
329 2707 417 2755 cura,
414 2698 516 2779 potest
532 2692 630 2792 egenis
642 2690 822 2763 *miserisque
844 2691 976 2748 omnibus
989 2710 1070 2748 snam
1084 2693 1194 2759 facilius
1209 2712 1282 2770 proe·

96 2796 167 2847 stare
180 2806 309 2867 pperam.
352 2822 358 2831 ·
1186 2826 1193 2833 -

116 2883 206 2964 obj.
223 2889 251 2943 ιι.
272 2885 322 2944 Ex
335 2886 469 2947 fructibus
482 2885 639 2961 discipline
654 2885 814 2965 prestantia
827 2899 871 2942 est
881 2884 1090 2962 dignoscenda
1112 2870 1201 2960 liquet
1214 2886 1281 2947 verd
1311 2953 1314 2957 ⁴

95 2979 277 3047 Christianae
291 2985 438 3055 ιιιιιοιιιι,
440 2998 493 3043 eas
507 2983 662 3061 presertim
677 3002 740 3056 que
752 2981 911 3041 Catholicae
924 2993 999 3050 sunt,
1012 3003 1076 3065 esse
1090 2986 1198 3063 ceteris
1213 2985 1282 3043 infe·

76 3081 186 3151 riores
200 3081 325 3157 iugenio,
338 3081 477 3158 doctrina,
486 3082 617 3158 inceptis,
632 3094 783 3173 rerumque
796 3080 974 3138 conditione:
996 3059 1064 3139 alias
1076 3101 1139 3153 qnae
1151 3081 1282 3141 civilian-

81 3176 205 3237 timum
223 3186 391 3251 statuerunt,
415 3178 493 3236 nulla
513 3179 609 3235 habita
633 3155 791 3254 Religionis
817 3179 933 3243 ratione,
957 3176 1073 3235 florere.
1079 3190 1108 3234 et
1130 3179 1280 3236 valescere.

83 3270 293 3334 &rostanno
286 3275 370 3351 igitur
384 3294 482 3333 recens
497 3275 587 3352 magis
601 3274 771 3339 emendavit
780 3260 884 3341 mores,
898 3285 928 3331 et
940 3275 1044 3332 bonum
1060 3274 1203 3350 publicum
1213 3293 1282 3353 pro·

74 3369 197 3445 mouit,
213 3374 303 3442 quam
313 3368 408 3430 adeo
396 3382 500 3449 Jaotata
513 3371 639 3429 doctrina
653 3370 825 3433 Christiana.
920 3382 923 3387 ·

124 3464 233 3551 Resp.
246 3466 294 3525 Ex
316 3468 465 3544 principiis
481 3468 568 3544 ipsis,
580 3467 742 3544 imprimis,
763 3466 798 3524 de
819 3466 973 3543 disciplina
988 3462 1172 3543 judicandum
1189 3478 1282 3528 etex

57 3556 240 3628 (metibus
246 3564 312 3639 inde
326 3565 469 3623 derivatis.
510 3566 704 3638 Quacumque
725 3583 811 3640 opera
827 3558 902 3621 haud
923 3565 1123 3641 praecipiuntur
1141 3566 1186 3624 vel
1206 3586 1284 3626 corn·

55 3660 266 3733 {mandantur
275 3682 292 3718 a
300 3661 450 3739 Religione
462 3654 634 3731 Christiaira,
645 3681 702 3720 non
714 3672 872 3737 possunt
847 3660 919 3717 inter
932 3661 1077 3719 fructus'
1052 3679 1115 3738 ejus
1129 3664 1280 3732 recenseri,

52 3769 154 3844 quie
172 3757 262 3816 enim
266 3755 374 3817 faciunt
387 3757 544 3817 Christiani
566 3769 662 3817 contra
682 3757 826 3834 religionis
841 3755 1002 3823 dictamina,
1018 3757 1087 3814 vitio
1100 3775 1209 3825 eorum,
1224 3779 1282 3817 non

52 3845 147 3939 ipsi
166 3834 323 3931 Religioni,
339 3864 406 3912 sunt
418 3855 574 3913 tribuenda.
615 3854 826 3916 Pulcherrimos
842 3872 962 3926 vereque
975 3853 1088 3912 divinos
1102 3846 1208 3914 fructus
1219 3877 1283 3938 pro-
1310 3906 1312 3915 .

46 3948 209 4020 damn·
200 3964 232 4009 ιιι
242 3951 322 4011 omni
338 3963 440 4026 gente,
446 3953 523 4010 vitiis
537 3952 671 4043 pessimis
685 3951 834 4020 ιιιιιιιιιιι,
827 3966 946 4027 ipsaque
961 3951 1034 4009 feros
1049 3951 1159 4010 domuit
1169 3966 1278 4023 mores,

51 4058 169 4112 §rtes
180 4028 280 4119 docuit
291 4030 436 4133 colendas,
447 4047 547 4133 litteris
558 4048 636 4116 savit,
647 4058 676 4104 et
686 4049 782 4106 omnia
792 4066 855 4120 quae
869 4047 904 4105 ad
918 4047 1065 4106 utilitatem
1080 4061 1108 4106 et
1121 4049 1281 4108 felicitatem

50 4133 254 4211 hominum
268 4155 406 4223 spectant,
421 4164 533 4204 summo
557 4146 698 4235 promovit
718 4144 821 4219 studio.
863 4145 953 4217 Siqua
967 4146 1011 4208 sit
1031 4165 1101 4224 gens
1123 4147 1281 4215 Catholioa,

48 4245 137 4305 vel
153 4241 332 4321 Christiana,
347 4241 409 4325 aliis
424 4241 519 4326 minus
539 4234 652 4300 exculta
672 4242 802 4305 minusve
822 4232 1037 4308 detensiones
1057 4243 1119 4301 aliis
1133 4262 1170 4300 ex
1185 4243 1282 4319 capiti·

53 4328 150 4400 hus
163 4332 331 4397 derivatur:
346 4314 474 4397 dationes
489 4318 597 4397 scilicet
610 4357 675 4396 suas
690 4337 833 4394 habent
807 4336 895 4405 vices,
907 4339 1011 4397 civium
1026 4340 1104 4417 vitio,
1117 4339 1161 4396 vel
1176 4341 1281 4397 summi

55 4443 192 4501 rerum
215 4422 310 4495 arbitri
333 4434 462 4494 consilio.
505 4435 647 4495 Caeterum
672 4432 842 4507 ubicumque
866 4434 1024 4518 Religionis
1046 4434 1184 4511 principia
1206 4435 1281 4543 haud

217 4532 293 4591 Vot..
309 4532 413 4590 1.-1t
