2738 5032
82 275 144 333 Ν
309 271 367 335 ΒΕ
386 270 717 333 SCRIP‘I'URARUM
738 265 1047 331 tnsrmn'touss.

83 448 177 497 nrum
188 432 380 493 murinum
389 430 537 508 antipiodas
549 449 615 489 asse
628 429 752 497 doceret,
762 440 792 487 et
802 429 875 487 alios
883 427 1014 487 homines
1027 422 1156 483 etrolem
1171 419 1269 477 alium.

85 526 194 587 Marito
205 528 291 587 οίίιω
303 527 452 587 &moeurs
466 527 603 587 dicendus
619 528 691 606 soret
704 527 851 592 Galilmus,
872 526 898 584 si
918 524 1120 601 scripturarum
1140 515 1273 575 standum

85 624 126 683 sit
136 625 303 691 snmritan,
316 644 382 685 narn
394 627 500 702 etipse
513 636 641 702 system
655 625 763 682 invexit
776 624 812 682 iis
827 623 909 700 plane
922 620 1083 679 adversum.

125 718 217 798 Κεφ,
236 720 390 799 Scriptum
403 721 501 780 divino
514 721 636 780 consilio
649 734 770 779 exaratae
785 730 861 786 sunt,
881 728 914 775 nt
926 716 963 775 de
975 717 1061 774 rebus
1075 731 1140 786 qna
1154 709 1191 768 ad
1204 707 1278 766 saln-

86 827 145 876 tam
158 817 417 894 portunensem,
431 818 487 877 Dei
504 838 591 896 opera
613 829 643 875 et
667 837 735 895 erga
758 817 891 875 homines
912 814 1051 872 benefima
1073 811 1224 873 sciremus,
1247 814 1277 862 et

86 930 205 972 munera
217 931 282 987 quc
292 914 402 974 solvere
414 914 563 974 debemus.
604 914 649 973 Da
663 915 747 975 rebus
761 912 891 991 physicis
904 910 976 968 sacri
996 909 1149 985 scriptores
1163 913 1281 962 utuntur

87 1010 211 1087 receptis
225 1010 360 1085 loquendi
374 1011 486 1080 modin
507 1013 627 1089 phrases
647 1022 742 1069 autem
756 1010 919 1088 populares,
933 1028 951 1065 a
964 1025 1059 1065 rernm
1075 1002 1179 1080 specie'
1188 1012 1279 1060 mutn-

88 1118 154 1173 ιω,
168 1107 204 1164 ab
216 1107 253 1165 iis
273 1109 359 1167 etiam
380 1107 508 1167 adhiberi
528 1118 747 1174 mutuaverunt,
776 1107 879 1180 quibus
899 1105 954 1163 alia
972 1103 1102 1161 inhaeret
1119 1098 1276 1163 sententiar

88 1214 262 1280 quapropter
275 1203 467 1282 Copcmicani
481 1224 562 1277 aque
576 1225 609 1263 ac
631 1204 724 1262 ceteri
743 1202 779 1262 ds
803 1203 872 1260 solis
895 1212 973 1261 moto
995 1197 1127 1256 familiari
1147 1211 1279 1252 sermone

89 1300 254 1375 loquuntur.
296 1302 399 1361 Utrum
413 1303 487 1361 sacri
507 1303 659 1379 scriptores
681 1303 737 1378 ipsi
758 1302 893 1360 sciverint
918 1319 975 1373 qna
994 1299 1102 1356 ratione
1122 1295 1200 1353 orbis
1227 1292 1278 1350 cir·

90 1398 335 1459 cumvolvatnrad
349 1400 562 1476 inspirationem
576 1400 616 1458 nil
631 1399 713 1459 iacit:
741 1399 832 1476 potnit
855 1399 933 1457 enim
958 1396 1037 1454 Deus
1057 1412 1108 1452 eos
1132 1392 1284 1470 impellere

88 1505 122 1553 nt
133 1494 257 1573 plurima
268 1495 304 1553 ad
316 1508 442 1554 nostram
451 1496 604 1554 'utilitatem
617 1497 761 1564 referrent,
776 1496 844 1569 quin
858 1515 910 1554 cos
923 1494 959 1552 de
972 1495 1056 1553 rebus
1070 1491 1127 1549 illis
1148 1489 1187 1548 ad
1206 1489 1278 1548 saln-

89 1602 149 1653 tani
170 1612 270 1670 pamm
297 1576 655 1655 attinentibns'edocnerit.
696 1593 839 1652 Cetemm
867 1612 925 1652 non
944 1591 1017 1651 adeo
1044 1599 1156 1649 constat
1185 1606 1280 1647 rernm

89 1708 185 1749 ram
199 1688 328 1749 ordinem
341 1710 392 1749 eos
406 1691 547 1750 latuisse.¹
587 1692 672 1771 Quod
686 1693 736 1750 lox
751 1704 814 1750 anta
828 1691 920 1749 solem
939 1688 1073 1756 extiterit,
1089 1686 1173 1746 t'acile
1187 1688 1280 1745 conm-

90 1789 168 1866 pitnr
180 1789 215 1847 ab
228 1790 265 1847 iis
278 1791 328 1864 qni
342 1810 407 1849 cum
422 1792 553 1868 plurimis
566 1790 768 1850 recentioribus
781 1791 875 1849 lucem
888 1789 1053 1847 existiment
1074 1785 1194 1851 fluidum
1215 1804 1277 1843 esse

89 1902 129 1942 cx
141 1885 225 1962 cnjus
239 1885 441 1945 vibrationibus
455 1888 575 1946 visionis
589 1892 769 1965 pirenomona
782 1887 919 1952 oriuntur,
934 1896 963 1942 et
976 1904 993 1941 a
1011 1884 1072 1941 sole
1086 1884 1202 1942 omnino
1222 1881 1277 1940 dis·

92 1981 195 2059 tingui
235 1983 304 2041 Sive
328 1984 412 2060 igitur
436 1984 543 2042 Mosen
564 1984 754 2060 intelligamus
777 1983 813 2040 de
838 1982 910 2059 ipsis
935 1979 1279 2057 corporibus-caelestibus

91 2090 193 2153 quoe
206 2079 253 2138 ura
267 2062 399 2148 conum
415 2081 460 2139 vet
472 2082 843 2158 neminemneminer,
858 2080 898 2139 nu
917 2080 1097 2157 inspirationi
1117 2081 1181 2157 ejus
1195 2079 1282 2137 oem-

91 2175 178 2235 hitnr
220 2175 461 2237 limitamentum
474 2177 554 2237 reddi
569 2198 655 2256 posse
676 2196 841 2257 expansum
856 2178 939 2255 juxta
953 2178 1010 2234 vira
1033 2178 1124 2235 vocis
1134 2176 1282 2236 Hebraico

91 2285 185 2382 pipp
197 2273 273 2332 docti
287 2275 419 2333 homines
432 2290 554 2335 norunt:
570 2277 691 2348 ideoque
704 2295 824 2339 necesse
845 2294 902 2333 non
916 2285 960 2332 est
972 2273 1068 2331 sidera
1078 2274 1182 2332 formet
1196 2269 1284 2330 infixa

93 2370 149 2428 sibi
161 2371 280 2448 tingere.
321 2371 405 2428 Luna
418 2384 513 2429 autem
526 2371 665 2429 luminare
679 2391 812 2448 magnum
827 2371 909 2429 nobis
923 2382 976 2439 est,
988 2371 1083 2429 lucem
1096 2371 1174 2429 enim
1184 2369 1282 2429 demit·

95 2464 138 2530 tit,
152 2467 206 2521 etsi
220 2464 333 2522 aliunde
345 2466 508 2522 derivatam
544 2467 641 2523 Terre
656 2467 690 2524 ad
707 2487 793 2541 aquas
807 2468 972 2526 relationem
987 2468 1135 2544 aptissime
1149 2469 1180 2527 in
1189 2468 1281 2544 Scrip-

92 2560 163 2618 turis
173 2559 361 2636 significatam
375 2559 523 2627 minus,
538 2562 607 2633 quin
622 2580 739 2632 necesse
760 2564 797 2637 sit
810 2581 897 2635 aquas
912 2575 990 2621 terre
1015 2565 1134 2622 subesse
1148 2564 1280 2645 cogitare,

93 2657 140 2716 vel
155 2657 311 2735 planitiem,
326 2656 419 2735 potius
434 2674 519 2730 quam
534 2658 675 2735 sphaeram
689 2678 751 2718 eam
767 2660 880 2719 habere.
922 2661 1028 2720 Omnia
1049 2660 1144 2721 autem
1167 2662 1213 2745 ad¹
1226 2660 1285 2743 Dei¹

94 2757 212 2835 gloriam
228 2757 369 2834 imprimis
383 2755 497 2814 condita
509 2774 574 2815 esse
588 2747 690 2830 liquet,
702 2777 765 2831 quae
780 2771 874 2817 tamen
889 2759 1013 2818 hominis
1028 2760 1141 2818 utilitati
1162 2761 1282 2838 plurima

95 2857 263 2923 inserviunt,
278 2857 348 2929 quin
362 2854 427 2913 ideo
440 2855 627 2914 excludantur
640 2858 779 2933 speciales
794 2858 840 2916 alii
855 2859 927 2915 fines
942 2877 1014 2930 quos
1025 2858 1125 2917 divina
1145 2859 1283 2936 sapientia

95 2954 150 3011 sibi
165 2954 354 3029 prostituerit
396 2953 445 3011 Ex
458 2963 611 3049 conspecta
620 2954 763 3012 stellarum¹
776 2954 953 3015 multitudine
962 2954 1065 3032 magna
1074 2955 1179 3023 divinae
1185 2957 1282 3034 glorie

95 3051 175 3110 notio
189 3050 271 3108 nobis
285 3050 382 3116 oritur,
397 3068 450 3107 nec
464 3051 533 3126 ipsae
548 3070 611 3125 quae
633 3053 746 3109 nonnisi
767 3054 959 3111 instrumentis
981 3053 1083 3129 opticis
1105 3053 1283 3133 deteguntur,

96 3139 143 3205 vel
156 3165 220 3220 quas
234 3145 324 3204 aciem
337 3145 483 3204 octrlorurn
498 3166 612 3205 omnem
634 3149 773 3225 effugiunt
793 3151 905 3236 penitus
925 3151 1039 3208 inutiles
1060 3151 1163 3210 divina
1186 3153 1283 3230 pradi-

95 3243 191 3307 candm
206 3242 303 3322 gloriae
316 3240 444 3301 dicenda
455 3256 529 3311 eunt,
541 3263 629 3318 quum
641 3264 689 3302 eas
701 3238 822 3304 existere
835 3265 920 3305 nosse
930 3248 1024 3320 aliquo
1033 3260 1117 3325 pacto
1128 3251 1284 3310 valeamus.

97 3340 238 3411 Ceterum
254 3343 490 3400 Astronomorum
512 3343 681 3419 conjecturo
704 3342 740 3400 de
765 3343 951 3423 planeticolis,
974 3341 1185 3427 scripturarum
1207 3350 1284 3408 salva

97 3439 271 3507 mcwritate,
286 3437 432 3497 habentur.
475 3438 538 3496 Nos
554 3458 617 3512 quae
638 3449 808 3509 certarunt,
830 3440 925 3499 divina
939 3443 1115 3502 revelatione
1136 3445 1283 3522 patefacta,

98 3540 194 3597 tenere
204 3536 296 3610 juvat,
312 3536 382 3608 quin
396 3535 576 3610 conjecturis,
593 3535 637 3592 vel
651 3524 872 3613 hypothesibus,
888 3541 1080 3609 quamtumvis
1095 3543 1248 3616 speciosis,
1266 3554 1288 3598 'a

99 3629 216 3686 veritate
228 3644 305 3690 certo
319 3631 431 3708 cognita
445 3632 541 3709 divelli
557 3633 710 3708 possimus.
752 3633 836 3700 Quod
851 3634 885 3692 ad
902 3634 1053 3712 Virgilium
1065 3629 1198 3713 pertinet,
1208 3642 1297 3719 arou·¹

100 3735 178 3781 ratus
192 3738 236 3783 est
249 3729 335 3786 veluti
348 3729 473 3787 docens:
492 3730 597 3803 “quod
613 3731 684 3788 alius
705 3731 839 3799 mundus,
860 3743 887 3789 et
911 3733 958 3790 alii
981 3735 1112 3802 homines
1136 3737 1190 3794 sub
1216 3749 1285 3796 terra

102 3820 169 3888 rint,
185 3822 313 3896 aliusque
328 3826 371 3884 sol
385 3838 414 3884 et
432 3826 498 3884 luna
509 3827 553 3884 :”¹
575 3847 638 3900 qum
653 3830 791 3886 sententia
815 3822 945 3888 homines
968 3832 1002 3888 ab
1027 3832 1095 3890 Ada'
1111 3833 1189 3892 haud
1211 3845 1285 3895 ortos

101 3919 242 3997 respicere
264 3923 383 3990 videtur,
407 3944 464 3982 non
489 3925 586 3983 tratres
612 3939 722 3986 nostros
747 3947 784 3985 ex
808 3929 893 3986 altera
913 3931 987 3987 orbis
1012 3943 1100 4008 parte.
1119 3930 1121 3935 ’
1144 3933 1284 3993 Caeterum

102 4014 232 4089 quamvis
247 4015 399 4077 Zacharias
411 4021 544 4079 Pontifex
558 4021 654 4079 durius
671 4044 734 4082 cuin
751 4043 785 4082 eo
800 4026 845 4115 agi
860 4027 1001 4087 censuerit
1013 4029 1037 4085 si
1060 4023 1203 4089 accusatio
1224 4051 1286 4108 prc-

104 4111 168 4169 bata
181 4109 291 4176 suisset,
306 4113 382 4171 nihil
398 4116 534 4182 definivit,
550 4127 579 4173 et
600 4118 749 4195 deinceps
757 4123 924 4179 sententiam
946 4124 1008 4200 ejus
1026 4121 1175 4186 innoxiam
1199 4128 1286 4188 fuisse
1320 4134 1323 4139 '

102 4208 227 4285 agnovit,
235 4197 308 4263 nam
323 4207 460 4285 Virgilius
476 4214 508 4270 ad
524 4215 729 4292 Episcopatnm
743 4219 978 4279 Salisburiensem
991 4234 1171 4294 evectusest,
1184 4239 1290 4304 etpost

104 4315 222 4362 mortem
238 4303 310 4359 inter
323 4317 433 4363 sanctos
449 4311 561 4369 relatus.
608 4311 747 4372 Galilaea
758 4327 885 4391 systema
897 4317 1125 4395 Copernicanum
1135 4325 1291 4389 vehemen-

167 4477 203 4536 (1)
216 4473 414 4538 VideMnysest
429 4478 463 4528 les
472 4481 622 4549 Gtologues,
601 4489 809 4550 spurVictorde
822 4491 923 4552 Boria,ld
933 4493 1013 4543 ime?
991 4511 1066 4560 ..jour

169 4559 206 4621 (2)
217 4559 280 4608 Vide
291 4557 390 4607 &ronti
402 4559 492 4612 nanu
501 4568 531 4615 ad
543 4585 583 4618 an
595 4570 649 4630 tte,
661 4579 685 4622 et
694 4573 782 4632 Feller,
794 4575 962 4628 Dicticnneire
973 4578 1030 4629 hist.
1040 4588 1085 4632 art
1094 4583 1197 4650 V-irgile
