2768 5032
425 251 481 309 ou
504 240 702 309 uut'mms
722 242 930 311 nurucvu.
1042 230 1045 237 '
1210 252 1265 307 rsa
1289 232 1292 237 '

88 405 217 465 omnium
231 406 378 484 principiis
393 409 529 480 sequimr.
571 409 631 485 lpsi
643 398 742 481 qui'eis
753 410 933 469 subscribunt
945 410 1103 482 sepissime
1118 409 1185 468 sassi
1199 416 1266 466 suut

88 504 177 562 animi
190 509 339 565 assensum
352 523 410 564 non
424 506 519 572 tribui,
533 506 585 564 sed
597 506 654 583 legi
669 507 759 583 regui,
774 524 825 565 seu
839 508 931 565 Secte
945 504 1157 583 οιιιιιιηιιιιιιῖ.1

128 601 335 674 Reliquumest
345 611 376 659 ut
383 602 529 679 Scriptura
539 603 577 660 sit
589 599 659 661 ratid
667 603 801 661 unitatem
810 602 877 660 fidei
887 603 1025 661 servandi.
1046 604 1158 664 Atenim
1171 602 1266 679 Scrip-

87 708 158 766 tura,
173 717 225 776 per
247 717 279 757 se
294 708 381 767 muta,-
395 718 452 757 non
474 709 567 776 potest
588 701 734 766 inservire,
750 701 805 757 nisi
827 710 963 773 quatenus
984 701 1157 779 intelligitur,
1171 701 1266 777 legen·

86 795 158 852 tium
169 803 264 853 autern
276 796 420 853 seutentiae
434 796 544 853 infinita
557 797 690 853 varietate
702 795 920 872 distinguuntur,
931 796 1000 854 adeo
1009 807 1039 854 ut
1052 798 1081 855 in
1094 798 1177 855 rebus
1191 815 1267 854 suru-

86 893 128 955 mi
152 893 300 959 momenti,
323 908 385 965 quoe
407 892 442 950 ad
470 893 618 951 Trinitatis
640 895 818 969 mysterium,
842 893 951 952 Christi
975 893 1099 953 divinam
1127 904 1264 961 naturam,

86 1000 190 1048 aeterna
203 992 355 1067 impiorum
369 991 559 1067 supplicia-et
568 992 693 1068 singulas
704 993 834 1057 veritates
846 992 981 1050 revelatas
993 1003 1129 1069 spectant,
1143 993 1266 1050 haereant

86 1087 219 1145 homines
233 1097 262 1144 et
275 1086 303 1144 iu
318 1087 408 1144 varias
423 1088 523 1145 abeant
535 1088 697 1154 sententias,
712 1088 796 1146 etiam
811 1088 926 1165 ingenio
941 1088 989 1160 qui
1004 1094 1146 1165 prestant,
1163 1088 1266 1146 littera·

86 1202 150 1241 rum
164 1182 265 1243 studiis
277 1182 391 1250 'florent
407 1193 436 1241 et
447 1184 571 1241 veritatis
592 1202 687 1242 amore
707 1184 772 1242 duci
793 1183 931 1243 videntur.
972 1184 1051 1262 Ergo
1072 1186 1100 1243 in
1121 1185 1266 1263 Scriptura

86 1278 257 1355 principium
267 1279 380 1337 unitatis
390 1279 458 1358 poni
469 1280 578 1352 nequit.
608 1280 727 1338 Nullum
736 1279 841 1339 idcirco
854 1281 957 1338 habent
966 1281 1081 1338 unitatis
1093 1281 1264 1357 principium

86 1385 171 1433 sectae
185 1375 396 1433 Protestanticae
410 1374 459 1433 sed
475 1375 674 1434 immedicabili
693 1376 820 1435 laborant
832 1378 901 1436 vitio
915 1376 1074 1435 divisionis.
1115 1377 1161 1435 Ile
1175 1395 1264 1436 surcu-

85 1472 178 1530 lorum
193 1473 395 1550 praeteritorum
410 1471 536 1530 dissidiis
551 1473 744 1543 Lutheranum
758 1474 940 1551 Theologum
953 1485 1066 1551 prestat
1079 1474 1185 1532 audire.

123 1566 414 1637 ‚⁰⁶1taestEaclesia‚
425 1574 510 1642 quant
521 1579 632 1637 vocant,
640 1569 796 1627 reformate
807 1572 877 1629 ratio
887 1591 919 1629 ac
928 1570 1073 1630 conditio”
1086 1572 1177 1644 inquit
1186 1571 1265 1629 wat·
1327 1588 1339 1607 ·

84 1663 177 1731 chius,
194 1673 251 1723 “ut
263 1666 389 1723 membra
402 1684 465 1738 quar
477 1667 571 1742 ipsum
583 1682 686 1742 corpus
697 1666 876 1734 constituant,
887 1667 962 1725 haud
973 1677 1037 1743 apte
1048 1669 1122 1726 iuter
1131 1687 1162 1726 se
1174 1669 1265 1727 coher-

86 1772 174 1839 reant.
196 1762 272 1820 Nam
286 1763 417 1835 quamvis
430 1760 733 1844 idemreformatorum
747 1781 851 1820 nomen
866 1774 1024 1830 sectantum
1047 1776 1153 1822 tautum
1168 1777 1263 1825 umen
1366 1800 1370 1815 ·

86 1856 173 1927 abest,
187 1869 220 1925 ιιι
231 1872 261 1917 et
273 1858 303 1917 in
316 1858 541 1931 uuaeademque
555 1858 681 1917 doctriua
694 1859 888 1926 consentiant;
903 1870 934 1917 ut
947 1878 998 1935 per
1011 1858 1139 1928 dissidia,
1149 1872 1265 1920 conten·

87 1956 417 2023 tioues,·controversias,
431 1955 679 2032 discrepantesque
693 1955 729 2014 de
748 1956 893 2033 religionis
911 1957 1048 2033 capitibus
1062 1959 1214 2015 sentsutias
1235 1959 1265 2016 iu

86 2052 211 2112 ditemus
225 2053 309 2111 divisi
326 2054 383 2110 sint
396 2052 533 2111 sectas.”¹
573 2051 617 2111 De
632 2053 800 2111 Lutheranis
820 2053 891 2129 ipsis
905 2054 1044 2129 symbolis
1059 2053 1211 2122 disserens,
1226 2054 1265 2112 ia·
1360 2056 1365 2061 '

85 2160 166 2220 tetur,
177 2151 237 2209 imo
251 2149 395 2209 contendit
408 2149 510 2226 dogma
524 2159 544 2186 ‘⁶
553 2150 589 2208 de
605 2168 677 2217 vera,
692 2151 770 2218 reali,
785 2151 1123 2227 substantialipraeseutia
1136 2153 1264 2228 corporis
1298 2182 1301 2187 ·

88 2248 273 2326 stranguinis
286 2247 357 2306 Jesu
372 2246 481 2304 Christi
492 2247 521 2306 iu
532 2265 612 2304 sacra
621 2265 714 2304 cuna:
730 2246 845 2305 decreti
856 2246 1069 2306 manducatione
1081 2256 1110 2305 et
1120 2248 1264 2317 bibitione,

88 2342 177 2420 deque
192 2343 371 2421 indignorum
388 2342 618 2421 participatione”
634 2343 722 2401 inisse
736 2344 766 2401 iu
777 2344 942 2419 Argustana
955 2343 1134 2403 confessione
1148 2364 1265 2422 expres·
1356 2426 1359 2433 ι

89 2456 160 2511 tum,
175 2443 222 2501 his
237 2442 345 2500 verbis:
369 2450 388 2478 ¹⁶
398 2441 433 2499 de
447 2460 527 2499 coena
541 2459 620 2498 sacra
633 2439 744 2508 docent,
760 2439 836 2513 quod
855 2459 960 2517 corpus
972 2450 1000 2497 et
1020 2442 1135 2519 sanguis
1156 2441 1265 2501 Christi

87 2554 149 2598 vore
172 2538 266 2598 adsint
287 2550 315 2597 et
335 2539 534 2607 distribuantur
554 2538 732 2596 vescentibus
755 2538 785 2595 in
808 2554 889 2596 coena
911 2537 1039 2605 Domini,
1057 2550 1085 2595 et
1107 2540 1266 2616 improbant

86 2651 174 2697 tccus
189 2634 356 2709 docentes’'
396 2636 530 2702 Queritur
549 2634 655 2692 idcirco
674 2632 713 2691 de
730 2634 941 2701 Melanchtone,
957 2635 1007 2707 qui
1027 2653 1078 2692 sua
1098 2634 1261 2695 auctoritate

84 2747 169 2794 voces
184 2733 329 2809 ambiguas
344 2732 529 2791 substituitt‘
533 2729 625 2803 ‘quod
638 2743 703 2787 vere
717 2728 921 2787 exhibeantur?
925 2728 947 2763 ’⁸
979 2728 1044 2785 Hoc
1057 2740 1149 2787 tamen
1162 2730 1265 2851 dogma

78 2830 228 2903 plerisque
242 2828 410 2887 Lutheranis
425 2826 582 2885 nullatenus
597 2823 707 2882 arridet

116 2928 210 2987 Juvat
222 2924 362 3001 exemplis
376 2922 524 2981 ostendere
544 2940 596 2978 nec
610 2919 741 2996 symbola
753 2937 806 2977 nec
827 2917 894 2975 fidei
908 2918 1104 2976 confessiones
1124 2919 1209 2976 sectis
1230 2898 1268 2977 ad

70 3027 221 3085 unitatem
234 3018 400 3079 servandam
418 3017 563 3096 prodesse
604 3015 688 3082 Quod
702 3014 736 3072 ad
760 3012 900 3093 Symbola
913 3015 1044 3091 pertinet,
1058 3019 1151 3073 nar'rat
1165 2996 1265 3074 White
1334 3074 1338 3081 ,

65 3135 113 3182 ex
130 3119 283 3181 occasione
297 3117 436 3194 Episcopi
451 3116 535 3192 primr
526 3113 753 3172 Protestantici
757 3108 943 3173 instituendi'
935 3131 965 3169 ιιι
979 3112 1264 3203 Episcopaliauorum

64 3226 241 3279 nostratum
257 3214 414 3295 utilitatem,
436 3221 502 3290 post
520 3212 677 3285 libertatem
697 3209 894 3267 Americauam
915 3218 1056 3276 statutum,
1072 3198 1265 3267 difficultatem
1336 3285 1340 3295 1

60 3312 282 3389 quaesentibus
292 3312 326 3369 ab
334 3308 498 3387 Auglicanis
507 3306 709 3366 ordinationem
722 3305 924 3382 Episcopalem
934 3305 1081 3380 objectam,
1092 3304 1168 3376 quod
1178 3305 1264 3361 Ame-

59 3410 173 3471 ricani
181 3408 327 3466 articulum
337 3407 371 3465 de
382 3407 520 3465 descensu
530 3403 639 3462 Christi
647 3403 683 3460 ad
691 3401 795 3460 inferos
806 3419 969 3476 expungere
979 3399 1051 3457 velle
1062 3409 1262 3459 noscerentur:

60 3490 240 3605 uec-temen
249 3506 320 3587 ipsis
329 3504 493 3583 Anglicanis
502 3518 667 3578 persuasum
677 3498 823 3557 Christum
833 3516 931 3574 reapse
940 3496 975 3555 ad
986 3497 1101 3573 spiritus
1111 3496 1260 3597 incarcere

96 3724 151 3799 (l)
168 3720 263 3788 “'l'hey
274 3721 329 3771 who
340 3719 444 3770 contend
455 3718 508 3771 tbnt
518 3716 622 3782 nothing
632 3714 681 3764 less
693 3727 747 3763 can
754 3710 842 3778 justisy
854 3709 1016 3773 subscription
1028 3716 1053 3759 to
1064 3708 1105 3758 the
1113 3709 1226 3776 thirty·
1201 3726 1260 3760 nine
1360 3778 1363 3783 Ι

55 3790 189 3867 titides,
199 3807 259 3856 than
270 3806 311 3855 the
322 3805 403 3855 sctusd
413 3803 490 3855 belief
493 3802 525 3852 uf
530 3802 590 3855 each
601 3801 652 3851 aud
660 3810 733 3864 every
740 3800 850 3861 separate
857 3795 1006 3859 proposition
1016 3794 1160 3844 contained
1154 3811 1179 3844 ιιι
1186 3795 1264 3855 them,

58 3896 151 3943 usust
159 3904 267 3953 suppose
278 3888 332 3937 that
341 3888 381 3937 the
398 3886 538 3952 legislatore
548 3883 664 3948 expected
676 3881 716 3931 the
727 3884 829 3930 consent
839 3877 869 3927 of
876 3884 922 3927 ten
938 3876 1060 3926 thousand
1072 3892 1137 3937 men,
1149 3880 1197 3928 and
1208 3880 1263 3929 thst

58 3970 104 4028 in
117 3972 248 4040 perpetual
257 3971 404 4030 successiou,
414 3977 458 4020 ιιοι
468 3976 494 4020 to
504 3984 550 4020 oue
560 3967 726 4018 controverted
737 3963 894 4030 proposition,
905 3963 949 4012 but
958 3968 984 4012 lo
994 3961 1263 4026 muuyhundreds.1t

54 4052 98 4112 ἱ·
109 4059 219 4111 difficolt
235 4063 260 4107 to
271 4054 384 4107 conceive
395 4055 450 4105 how
462 4055 512 4105 this
522 4053 593 4104 could
603 4053 633 4102 be
644 4050 761 4115 expected
777 4051 810 4115 by
819 4062 877 4114 any,
889 4047 946 4097 who
956 4046 1070 4097 observed
1081 4046 1122 4097 the
1139 4047 1262 4097 incumbis

60 4143 205 4208 divenitp
213 4143 243 4192 of
254 4140 363 4191 human
359 4140 458 4209 opinion
468 4154 534 4204 upon
545 4138 578 4187 all
589 4137 695 4202 subjecte
704 4135 772 4185 short
782 4133 811 4184 of
822 4132 1037 4184 demonstratioud’
1069 4131 1153 4197 Psley
1153 4149 1166 4181 s
1182 4130 1262 4180 Philo-

58 4229 169 4295 nophy,
178 4227 277 4278 boola.
287 4243 311 4290 p.
322 4227 343 4277 l.
352 4224 391 4276 ch
400 4224 423 4275 7

113 4312 153 4375 (7)
170 4309 340 4361 Introductro
333 4325 359 4358 ιιι
370 4308 444 4357 libros
456 4306 524 4356 Eccl.
540 4305 614 4356 Luth.
625 4303 772 4371 symbolicos
784 4303 850 4351 tens
867 4317 907 4351 au.
926 4300 996 4360 17³2,
1012 4301 1086 4366 plu,
1096 4307 1179 4362 etseq.
1195 4297 1259 4346 Lou-

54 4408 139 4461 mm
150 4392 317 4462 symbolorum
328 4391 417 4441 serisrn
428 4390 511 4440 texit,

114 4478 153 4541 (3)
171 4494 193 4543 p
206 4473 472 4529 reclamitent·
465 4488 492 4522 ιιι
499 4487 525 4520 re
537 4468 639 4520 Burneti
650 4467 791 4533 snslysim
783 4484 810 4520 ιι
821 4466 929 4522 Artxsii
940 4468 982 4518 ubi
989 4431 1155 4518 discordantes
1165 4472 1260 4512 sanun

70 4561 224 4626 eloquitur
235 4575 261 4612 ιιι
272 4556 385 4609 Ecclesia
395 4554 535 4621 Anglicmm
546 4552 639 4603 ιἰιοιιιι
649 4551 794 4602 exhibentur
804 4567 827 4615 p
837 4549 892 4600 767
903 4549 958 4600 763.
