<?xml version="1.0" encoding="UTF-8"?>
<!DOCTYPE html PUBLIC "-//W3C//DTD XHTML 1.0 Transitional//EN"
    "http://www.w3.org/TR/xhtml1/DTD/xhtml1-transitional.dtd">
<html xmlns="http://www.w3.org/1999/xhtml" xml:lang="en" lang="en">
 <head>
  <title>
</title>
<meta http-equiv="Content-Type" content="text/html;charset=utf-8" />
  <meta name='ocr-system' content='tesseract 3.04.00' />
  <meta name='ocr-capabilities' content='ocr_page ocr_carea ocr_par ocr_line ocrx_word'/>
</head>
<body>
  <div class='ocr_page' id='page_1' title='image "./theologidogmati00kenrgoog_0300.png"; bbox 0 0 2738 5032; ppageno 0'>
   <div class='ocr_carea' id='block_1_1' title="bbox 528 28 586 67">
    <p class='ocr_par' dir='ltr' id='par_1_1' title="bbox 528 28 586 67">
     <span class='ocr_line' id='line_1_1' title="bbox 528 28 586 67; baseline 0 -2"><span class='ocrx_word' id='word_1_1' title='bbox 528 60 531 65; x_wconf 95' lang='lat'>.</span> <span class='ocrx_word' id='word_1_2' title='bbox 549 28 586 67; x_wconf 56' lang='lat' dir='ltr'><strong>fin·</strong></span> 
     </span>
    </p>
   </div>
   <div class='ocr_carea' id='block_1_2' title="bbox 315 256 1288 323">
    <p class='ocr_par' dir='ltr' id='par_1_2' title="bbox 315 256 1288 323">
     <span class='ocr_line' id='line_1_2' title="bbox 315 256 1288 323; baseline 0.006 -10"><span class='ocrx_word' id='word_1_3' title='bbox 315 307 318 313; x_wconf 77' lang='grc'>,</span> <span class='ocrx_word' id='word_1_4' title='bbox 336 258 392 323; x_wconf 88' lang='lat' dir='ltr'><strong>DE</strong></span> <span class='ocrx_word' id='word_1_5' title='bbox 413 256 708 320; x_wconf 79' lang='lat' dir='ltr'><strong>OONUlLlORUM</strong></span> <span class='ocrx_word' id='word_1_6' title='bbox 729 257 1050 321; x_wconf 75' lang='lat' dir='ltr'><strong>AUC&#39;l&#39;ORl&#39;l&#39;A&#39;l&#39;E..</strong></span> <span class='ocrx_word' id='word_1_7' title='bbox 1227 262 1288 319; x_wconf 58' lang='lat' dir='ltr'><strong>fill</strong></span> 
     </span>
    </p>
   </div>
   <div class='ocr_carea' id='block_1_3' title="bbox 49 414 1365 4181">
    <p class='ocr_par' dir='ltr' id='par_1_3' title="bbox 49 414 1360 2901">
     <span class='ocr_line' id='line_1_3' title="bbox 139 414 1286 497; baseline 0.003 -25"><span class='ocrx_word' id='word_1_8' title='bbox 139 414 207 494; x_wconf 73' lang='lat' dir='ltr'><strong>obj.</strong></span> <span class='ocrx_word' id='word_1_9' title='bbox 221 420 250 474; x_wconf 80' lang='grc'><strong>3.</strong></span> <span class='ocrx_word' id='word_1_10' title='bbox 282 416 446 496; x_wconf 73' lang='lat' dir='ltr'>Presbyteri</span> <span class='ocrx_word' id='word_1_11' title='bbox 466 417 627 477; x_wconf 71' lang='lat' dir='ltr'>sacerdotes</span> <span class='ocrx_word' id='word_1_12' title='bbox 655 418 802 495; x_wconf 75' lang='lat' dir='ltr'><strong>simplices</strong></span> <span class='ocrx_word' id='word_1_13' title='bbox 830 436 846 475; x_wconf 92' lang='lat' dir='ltr'><strong>a</strong></span> <span class='ocrx_word' id='word_1_14' title='bbox 874 418 982 477; x_wconf 84' lang='lat' dir='ltr'><strong>Jacobo</strong></span> <span class='ocrx_word' id='word_1_15' title='bbox 1006 419 1213 497; x_wconf 83' lang='lat' dir='ltr'><strong>designantur,²</strong></span> <span class='ocrx_word' id='word_1_16' title='bbox 1233 436 1286 477; x_wconf 90' lang='lat' dir='ltr'><strong>nec</strong></span> 
     </span>
     <span class='ocr_line' id='line_1_4' title="bbox 93 512 1287 592; baseline 0.003 -23"><span class='ocrx_word' id='word_1_17' title='bbox 93 512 175 581; x_wconf 79' lang='lat' dir='ltr'><strong>enim</strong></span> <span class='ocrx_word' id='word_1_18' title='bbox 184 514 366 573; x_wconf 73' lang='lat' dir='ltr'>moribundis</span> <span class='ocrx_word' id='word_1_19' title='bbox 379 515 559 592; x_wconf 82' lang='lat' dir='ltr'><strong>Episcopum</strong></span> <span class='ocrx_word' id='word_1_20' title='bbox 574 514 737 572; x_wconf 87' lang='lat' dir='ltr'><strong>adesse&#39;est</strong></span> <span class='ocrx_word' id='word_1_21' title='bbox 760 515 969 573; x_wconf 88' lang='lat' dir='ltr'><strong>necessarium:</strong></span> <span class='ocrx_word' id='word_1_22' title='bbox 992 517 1051 574; x_wconf 91' lang='lat' dir='ltr'><strong>imo</strong></span> <span class='ocrx_word' id='word_1_23' title='bbox 1075 537 1092 574; x_wconf 88' lang='lat' dir='ltr'><strong>a</strong></span> <span class='ocrx_word' id='word_1_24' title='bbox 1112 516 1213 581; x_wconf 88' lang='lat' dir='ltr'><strong>Paulo,</strong></span> <span class='ocrx_word' id='word_1_25' title='bbox 1235 515 1287 572; x_wconf 85' lang='lat' dir='ltr'><strong>&#39;ri-</strong></span> 
     </span>
     <span class='ocr_line' id='line_1_5' title="bbox 96 611 1338 690; baseline 0.002 -21"><span class='ocrx_word' id='word_1_26' title='bbox 96 611 244 669; x_wconf 88' lang='lat' dir='ltr'><strong>motheum</strong></span> <span class='ocrx_word' id='word_1_27' title='bbox 266 612 401 671; x_wconf 89' lang='lat' dir='ltr'><strong>edocente</strong></span> <span class='ocrx_word' id='word_1_28' title='bbox 427 633 483 686; x_wconf 92' lang='lat' dir='ltr'><strong>qua</strong></span> <span class='ocrx_word' id='word_1_29' title='bbox 510 614 616 671; x_wconf 90' lang='lat' dir='ltr'><strong>ratione</strong></span> <span class='ocrx_word' id='word_1_30' title='bbox 641 632 707 669; x_wconf 87' lang='lat' dir='ltr'><strong>curn</strong></span> <span class='ocrx_word' id='word_1_31' title='bbox 732 612 960 685; x_wconf 80' lang='lat' dir='ltr'><strong>delinquentibus</strong></span> <span class='ocrx_word' id='word_1_32' title='bbox 988 633 1019 671; x_wconf 90' lang='lat' dir='ltr'><strong>se</strong></span> <span class='ocrx_word' id='word_1_33' title='bbox 1044 633 1141 690; x_wconf 84' lang='lat' dir='ltr'><strong>gerere</strong></span> <span class='ocrx_word' id='word_1_34' title='bbox 1168 614 1285 671; x_wconf 84' lang='lat' dir='ltr'><strong>debeat:</strong></span> <span class='ocrx_word' id='word_1_35' title='bbox 1334 642 1338 681; x_wconf 61' lang='lat' dir='ltr'><strong>p</strong></span> 
     </span>
     <span class='ocr_line' id='line_1_6' title="bbox 96 707 1287 785; baseline 0.001 -20"><span class='ocrx_word' id='word_1_36' title='bbox 96 716 121 743; x_wconf 78' lang='lat'><strong>‘⁴</strong></span> <span class='ocrx_word' id='word_1_37' title='bbox 133 707 276 765; x_wconf 77' lang='lat' dir='ltr'><strong>Aduersus</strong></span> <span class='ocrx_word' id='word_1_38' title='bbox 291 710 495 785; x_wconf 80' lang='lat' dir='ltr'><strong>Presbyterum</strong></span> <span class='ocrx_word' id='word_1_39' title='bbox 511 710 717 767; x_wconf 78' lang='lat' dir='ltr'><strong>accusationem</strong></span> <span class='ocrx_word' id='word_1_40' title='bbox 733 709 792 767; x_wconf 90' lang='lat' dir='ltr'><strong>noli</strong></span> <span class='ocrx_word' id='word_1_41' title='bbox 806 709 943 784; x_wconf 90' lang='lat' dir='ltr'><strong>recipere,</strong></span> <span class='ocrx_word' id='word_1_42' title='bbox 958 710 1013 769; x_wconf 88' lang='lat' dir='ltr'><strong>nisi</strong></span> <span class='ocrx_word' id='word_1_43' title='bbox 1034 711 1087 769; x_wconf 88' lang='lat' dir='ltr'><strong>sub</strong></span> <span class='ocrx_word' id='word_1_44' title='bbox 1107 709 1217 767; x_wconf 91' lang='lat' dir='ltr'><strong>duobus</strong></span> <span class='ocrx_word' id='word_1_45' title='bbox 1238 719 1287 766; x_wconf 91' lang='lat' dir='ltr'><strong>aut</strong></span> 
     </span>
     <span class='ocr_line' id='line_1_7' title="bbox 95 803 1347 893; baseline 0.002 -33"><span class='ocrx_word' id='word_1_46' title='bbox 95 803 187 863; x_wconf 87' lang='lat' dir='ltr'><strong>tribus</strong></span> <span class='ocrx_word' id='word_1_47' title='bbox 201 805 330 863; x_wconf 90' lang='lat' dir='ltr'><strong>testibus.</strong></span> <span class='ocrx_word' id='word_1_48' title='bbox 372 806 527 865; x_wconf 86' lang='lat' dir='ltr'><strong>Peccantes</strong></span> <span class='ocrx_word' id='word_1_49' title='bbox 540 824 637 863; x_wconf 89' lang='lat' dir='ltr'><strong>coram</strong></span> <span class='ocrx_word' id='word_1_50' title='bbox 659 806 791 864; x_wconf 90' lang='lat' dir='ltr'><strong>omnibus</strong></span> <span class='ocrx_word' id='word_1_51' title='bbox 813 824 916 881; x_wconf 89' lang='lat' dir='ltr'><strong>argue:</strong></span> <span class='ocrx_word' id='word_1_52' title='bbox 940 818 971 865; x_wconf 92' lang='lat' dir='ltr'><strong>ut</strong></span> <span class='ocrx_word' id='word_1_53' title='bbox 990 816 1019 863; x_wconf 91' lang='lat' dir='ltr'><strong>et</strong></span> <span class='ocrx_word' id='word_1_54' title='bbox 1038 807 1131 864; x_wconf 82' lang='lat' dir='ltr'><strong>oaeteri</strong></span> <span class='ocrx_word' id='word_1_55' title='bbox 1155 806 1286 865; x_wconf 90' lang='lat' dir='ltr'><strong>timorem</strong></span> <span class='ocrx_word' id='word_1_56' title='bbox 1344 868 1347 893; x_wconf 57' lang='grc' dir='ltr'>Ι</span> 
     </span>
     <span class='ocr_line' id='line_1_8' title="bbox 94 900 1352 987; baseline 0.001 -28"><span class='ocrx_word' id='word_1_57' title='bbox 94 900 268 959; x_wconf 81' lang='lat' dir='ltr'><strong>habeant.”¹</strong></span> <span class='ocrx_word' id='word_1_58' title='bbox 1062 926 1066 933; x_wconf 87' lang='lat'>·</span> <span class='ocrx_word' id='word_1_59' title='bbox 1191 948 1197 959; x_wconf 94' lang='lat'>.</span> <span class='ocrx_word' id='word_1_60' title='bbox 1243 960 1246 965; x_wconf 85' lang='grc'>,</span> <span class='ocrx_word' id='word_1_61' title='bbox 1346 938 1352 987; x_wconf 54' lang='lat' dir='ltr'><strong>p</strong></span> 
     </span>
     <span class='ocr_line' id='line_1_9' title="bbox 136 990 1359 1076; baseline 0.001 -21"><span class='ocrx_word' id='word_1_62' title='bbox 136 996 225 1076; x_wconf 86' lang='lat' dir='ltr'><strong>Resp.</strong></span> <span class='ocrx_word' id='word_1_63' title='bbox 243 998 280 1063; x_wconf 75' lang='lat' dir='ltr'><strong>Si</strong></span> <span class='ocrx_word' id='word_1_64' title='bbox 294 1016 352 1057; x_wconf 92' lang='lat' dir='ltr'><strong>uno</strong></span> <span class='ocrx_word' id='word_1_65' title='bbox 365 999 487 1073; x_wconf 79' lang='lat' dir='ltr'><strong>alterove</strong></span> <span class='ocrx_word' id='word_1_66' title='bbox 501 990 566 1057; x_wconf 83' lang='lat' dir='ltr'><strong>loco</strong></span> <span class='ocrx_word' id='word_1_67' title='bbox 580 1018 636 1057; x_wconf 84' lang='lat' dir='ltr'><strong>vox</strong></span> <span class='ocrx_word' id='word_1_68' title='bbox 650 998 698 1073; x_wconf 83' lang='lat' dir='ltr'><strong>illa</strong></span> <span class='ocrx_word' id='word_1_69' title='bbox 712 1011 749 1057; x_wconf 85' lang='lat' dir='ltr'><strong>e&#39;o</strong></span> <span class='ocrx_word' id='word_1_70' title='bbox 760 1016 848 1058; x_wconf 87' lang='lat' dir='ltr'><strong>sensu</strong></span> <span class='ocrx_word' id='word_1_71' title='bbox 862 999 1026 1075; x_wconf 88' lang='lat' dir='ltr'><strong>accipiatur,</strong></span> <span class='ocrx_word' id='word_1_72' title='bbox 1035 1018 1093 1058; x_wconf 90' lang='lat' dir='ltr'><strong>non</strong></span> <span class='ocrx_word' id='word_1_73' title='bbox 1105 998 1169 1057; x_wconf 91' lang='lat' dir='ltr'><strong>ideo</strong></span> <span class='ocrx_word' id='word_1_74' title='bbox 1180 999 1286 1073; x_wconf 88' lang='lat' dir='ltr'><strong>ubique</strong></span> <span class='ocrx_word' id='word_1_75' title='bbox 1352 998 1359 1065; x_wconf 52' lang='grc' dir='ltr'><strong>’ἢ</strong></span> 
     </span>
     <span class='ocr_line' id='line_1_10' title="bbox 94 1095 1359 1173; baseline 0 -21"><span class='ocrx_word' id='word_1_76' title='bbox 94 1106 144 1153; x_wconf 84' lang='lat' dir='ltr'><strong>est</strong></span> <span class='ocrx_word' id='word_1_77' title='bbox 163 1096 323 1154; x_wconf 77' lang='lat' dir='ltr'><strong>necessarii</strong></span> <span class='ocrx_word' id='word_1_78' title='bbox 343 1095 441 1155; x_wconf 90' lang='lat' dir='ltr'><strong>eadem</strong></span> <span class='ocrx_word' id='word_1_79' title='bbox 462 1098 570 1154; x_wconf 85' lang='lat' dir='ltr'><strong>ratione</strong></span> <span class='ocrx_word' id='word_1_80' title='bbox 591 1096 782 1173; x_wconf 81' lang='lat' dir='ltr'><strong>intelligenda.</strong></span> <span class='ocrx_word' id='word_1_81' title='bbox 823 1096 910 1172; x_wconf 85' lang='lat' dir='ltr'><strong>Apud</strong></span> <span class='ocrx_word' id='word_1_82' title='bbox 929 1097 1069 1154; x_wconf 88' lang='lat' dir='ltr'><strong>Jacobum</strong></span> <span class='ocrx_word' id='word_1_83' title='bbox 1093 1095 1203 1153; x_wconf 86' lang='lat' dir='ltr'><strong>videtur</strong></span> <span class='ocrx_word' id='word_1_84' title='bbox 1222 1112 1286 1153; x_wconf 88' lang='lat' dir='ltr'><strong>eam</strong></span> <span class='ocrx_word' id='word_1_85' title='bbox 1353 1102 1359 1169; x_wconf 69' lang='lat' dir='ltr'><strong>l</strong></span> 
     </span>
     <span class='ocr_line' id='line_1_11' title="bbox 91 1172 1356 1273; baseline -0.002 -21"><span class='ocrx_word' id='word_1_86' title='bbox 91 1194 354 1271; x_wconf 83' lang='lat' dir='ltr'><strong>interpretationem</strong></span> <span class='ocrx_word' id='word_1_87' title='bbox 376 1194 532 1262; x_wconf 78' lang='lat' dir='ltr'><strong>admittere,</strong></span> <span class='ocrx_word' id='word_1_88' title='bbox 547 1195 679 1269; x_wconf 85' lang='lat' dir='ltr'><strong>quamvis</strong></span> <span class='ocrx_word' id='word_1_89' title='bbox 704 1195 744 1252; x_wconf 91' lang='lat' dir='ltr'><strong>nil</strong></span> <span class='ocrx_word' id='word_1_90' title='bbox 760 1204 834 1252; x_wconf 83' lang='lat' dir='ltr'><strong>vetet</strong></span> <span class='ocrx_word' id='word_1_91' title='bbox 848 1194 882 1252; x_wconf 88' lang='lat' dir='ltr'><strong>de</strong></span> <span class='ocrx_word' id='word_1_92' title='bbox 897 1195 1049 1271; x_wconf 88' lang='lat' dir='ltr'><strong>Episcopo</strong></span> <span class='ocrx_word' id='word_1_93' title='bbox 1061 1213 1124 1251; x_wconf 89' lang='lat' dir='ltr'><strong>eam</strong></span> <span class='ocrx_word' id='word_1_94' title='bbox 1145 1195 1285 1269; x_wconf 90' lang='lat' dir='ltr'><strong>accipere,</strong></span> <span class='ocrx_word' id='word_1_95' title='bbox 1349 1172 1356 1273; x_wconf 69' lang='lat'><strong>3¹</strong></span> 
     </span>
     <span class='ocr_line' id='line_1_12' title="bbox 93 1291 1288 1369; baseline -0.002 -20"><span class='ocrx_word' id='word_1_96' title='bbox 93 1310 187 1367; x_wconf 82' lang='lat' dir='ltr'><strong>quum</strong></span> <span class='ocrx_word' id='word_1_97' title='bbox 212 1293 247 1349; x_wconf 93' lang='lat' dir='ltr'><strong>ab</strong></span> <span class='ocrx_word' id='word_1_98' title='bbox 269 1293 350 1351; x_wconf 91' lang='lat' dir='ltr'><strong>initio</strong></span> <span class='ocrx_word' id='word_1_99' title='bbox 372 1293 537 1369; x_wconf 86' lang='lat' dir='ltr'><strong>Episcopus</strong></span> <span class='ocrx_word' id='word_1_100' title='bbox 566 1293 596 1351; x_wconf 90' lang='lat' dir='ltr'><strong>in</strong></span> <span class='ocrx_word' id='word_1_101' title='bbox 623 1293 774 1369; x_wconf 79' lang='lat' dir='ltr'><strong>praecipuis</strong></span> <span class='ocrx_word' id='word_1_102' title='bbox 798 1294 914 1351; x_wconf 89' lang='lat' dir='ltr'><strong>urbibus</strong></span> <span class='ocrx_word' id='word_1_103' title='bbox 938 1293 1164 1358; x_wconf 86' lang='lat' dir='ltr'><strong>constitueretur,</strong></span> <span class='ocrx_word' id='word_1_104' title='bbox 1190 1291 1288 1367; x_wconf 88' lang='lat' dir='ltr'><strong>paucis</strong></span> 
     </span>
     <span class='ocr_line' id='line_1_13' title="bbox 92 1388 1354 1467; baseline -0.002 -20"><span class='ocrx_word' id='word_1_105' title='bbox 92 1388 189 1447; x_wconf 85' lang='lat' dir='ltr'><strong>adhuc</strong></span> <span class='ocrx_word' id='word_1_106' title='bbox 203 1391 305 1448; x_wconf 82' lang='lat' dir='ltr'><strong>creatis</strong></span> <span class='ocrx_word' id='word_1_107' title='bbox 320 1390 523 1453; x_wconf 85' lang='lat' dir='ltr'><strong>sacerdotibus.</strong></span> <span class='ocrx_word' id='word_1_108' title='bbox 566 1391 635 1448; x_wconf 90' lang='lat' dir='ltr'><strong>Non</strong></span> <span class='ocrx_word' id='word_1_109' title='bbox 649 1390 715 1448; x_wconf 90' lang='lat' dir='ltr'><strong>ideo</strong></span> <span class='ocrx_word' id='word_1_110' title='bbox 729 1410 847 1448; x_wconf 89' lang='lat' dir='ltr'><strong>necesse</strong></span> <span class='ocrx_word' id='word_1_111' title='bbox 862 1403 921 1448; x_wconf 89' lang='lat' dir='ltr'><strong>crat</strong></span> <span class='ocrx_word' id='word_1_112' title='bbox 941 1392 1121 1467; x_wconf 89' lang='lat' dir='ltr'><strong>Episcopum</strong></span> <span class='ocrx_word' id='word_1_113' title='bbox 1137 1405 1289 1455; x_wconf 90' lang='lat' dir='ltr'><strong>arcessere,</strong></span> <span class='ocrx_word' id='word_1_114' title='bbox 1351 1390 1354 1457; x_wconf 80' lang='lat' dir='ltr'>j</span> 
     </span>
     <span class='ocr_line' id='line_1_14' title="bbox 91 1484 1295 1565; baseline -0.002 -21"><span class='ocrx_word' id='word_1_115' title='bbox 91 1485 234 1545; x_wconf 87' lang='lat' dir='ltr'><strong>ordinatis</strong></span> <span class='ocrx_word' id='word_1_116' title='bbox 256 1485 468 1554; x_wconf 83' lang='lat' dir='ltr'><strong>Sacerdotibus,</strong></span> <span class='ocrx_word' id='word_1_117' title='bbox 491 1487 594 1559; x_wconf 90' lang='lat' dir='ltr'><strong>quibus</strong></span> <span class='ocrx_word' id='word_1_118' title='bbox 615 1484 776 1563; x_wconf 85' lang='lat' dir='ltr'><strong>portionem</strong></span> <span class='ocrx_word' id='word_1_119' title='bbox 801 1506 860 1545; x_wconf 84' lang='lat' dir='ltr'><strong>suae</strong></span> <span class='ocrx_word' id='word_1_120' title='bbox 888 1484 1034 1565; x_wconf 84' lang='lat' dir='ltr'><strong>potcstatis</strong></span> <span class='ocrx_word' id='word_1_121' title='bbox 1059 1485 1295 1561; x_wconf 82' lang='lat' dir='ltr'><strong>communicavit,</strong></span> 
     </span>
     <span class='ocr_line' id='line_1_15' title="bbox 93 1582 1290 1661; baseline -0.001 -20"><span class='ocrx_word' id='word_1_122' title='bbox 93 1596 221 1642; x_wconf 85' lang='lat' dir='ltr'><strong>utsecra</strong></span> <span class='ocrx_word' id='word_1_123' title='bbox 235 1593 404 1661; x_wconf 83' lang='lat' dir='ltr'><strong>peragerent</strong></span> <span class='ocrx_word' id='word_1_124' title='bbox 417 1602 545 1643; x_wconf 86' lang='lat' dir='ltr'><strong>munera.</strong></span> <span class='ocrx_word' id='word_1_125' title='bbox 586 1584 652 1642; x_wconf 79' lang='lat' dir='ltr'><strong>lilio</strong></span> <span class='ocrx_word' id='word_1_126' title='bbox 665 1585 730 1641; x_wconf 93' lang='lat' dir='ltr'><strong>loco</strong></span> <span class='ocrx_word' id='word_1_127' title='bbox 744 1584 908 1661; x_wconf 86' lang='lat' dir='ltr'><strong>Episcopus</strong></span> <span class='ocrx_word' id='word_1_128' title='bbox 930 1587 965 1642; x_wconf 91' lang='lat' dir='ltr'><strong>ah</strong></span> <span class='ocrx_word' id='word_1_129' title='bbox 985 1586 1137 1643; x_wconf 82' lang='lat' dir='ltr'><strong>Ambrosio</strong></span> <span class='ocrx_word' id='word_1_130' title='bbox 1159 1582 1290 1659; x_wconf 87' lang='lat' dir='ltr'><strong>intelligi·</strong></span> 
     </span>
     <span class='ocr_line' id='line_1_16' title="bbox 92 1672 1289 1758; baseline 0 -21"><span class='ocrx_word' id='word_1_131' title='bbox 92 1689 153 1745; x_wconf 90' lang='lat' dir='ltr'><strong>tur,</strong></span> <span class='ocrx_word' id='word_1_132' title='bbox 169 1672 340 1758; x_wconf 79' lang='lat' dir='ltr'><strong>Timotheus</strong></span> <span class='ocrx_word' id='word_1_133' title='bbox 358 1681 437 1739; x_wconf 90' lang='lat' dir='ltr'><strong>enim</strong></span> <span class='ocrx_word' id='word_1_134' title='bbox 459 1691 579 1757; x_wconf 79' lang='lat' dir='ltr'><strong>praerat</strong></span> <span class='ocrx_word' id='word_1_135' title='bbox 601 1680 719 1757; x_wconf 88' lang='lat' dir='ltr'><strong>collegis</strong></span> <span class='ocrx_word' id='word_1_136' title='bbox 745 1681 805 1737; x_wconf 90' lang='lat' dir='ltr'><strong>suis</strong></span> <span class='ocrx_word' id='word_1_137' title='bbox 831 1698 882 1756; x_wconf 91' lang='lat' dir='ltr'><strong>per</strong></span> <span class='ocrx_word' id='word_1_138' title='bbox 905 1690 992 1738; x_wconf 89' lang='lat' dir='ltr'><strong>totam</strong></span> <span class='ocrx_word' id='word_1_139' title='bbox 1014 1682 1114 1739; x_wconf 80' lang='lat' dir='ltr'><strong>Asiam</strong></span> <span class='ocrx_word' id='word_1_140' title='bbox 1137 1682 1289 1746; x_wconf 86' lang='lat' dir='ltr'><strong>minorem,</strong></span> 
     </span>
     <span class='ocr_line' id='line_1_17' title="bbox 92 1767 1350 1853; baseline -0.001 -20"><span class='ocrx_word' id='word_1_141' title='bbox 92 1774 221 1848; x_wconf 89' lang='lat' dir='ltr'><strong>ideoque</strong></span> <span class='ocrx_word' id='word_1_142' title='bbox 249 1778 374 1835; x_wconf 89' lang='lat' dir='ltr'><strong>monitus</strong></span> <span class='ocrx_word' id='word_1_143' title='bbox 402 1785 446 1834; x_wconf 90' lang='lat' dir='ltr'><strong>est</strong></span> <span class='ocrx_word' id='word_1_144' title='bbox 475 1795 512 1836; x_wconf 89' lang='lat' dir='ltr'><strong>ne</strong></span> <span class='ocrx_word' id='word_1_145' title='bbox 539 1777 749 1835; x_wconf 86' lang='lat' dir='ltr'><strong>accusationem</strong></span> <span class='ocrx_word' id='word_1_146' title='bbox 778 1774 862 1837; x_wconf 74' lang='lat' dir='ltr'><strong>facile</strong></span> <span class='ocrx_word' id='word_1_147' title='bbox 890 1767 1024 1833; x_wconf 85' lang='lat' dir='ltr'><strong>adversus</strong></span> <span class='ocrx_word' id='word_1_148' title='bbox 1052 1795 1102 1833; x_wconf 91' lang='lat' dir='ltr'><strong>eos</strong></span> <span class='ocrx_word' id='word_1_149' title='bbox 1130 1777 1288 1852; x_wconf 83' lang='lat' dir='ltr'><strong>reciperet:</strong></span> <span class='ocrx_word' id='word_1_150' title='bbox 1347 1848 1350 1853; x_wconf 27' lang='grc' dir='ltr'>Ι</span> 
     </span>
     <span class='ocr_line' id='line_1_18' title="bbox 94 1858 1290 1950; baseline 0 -21"><span class='ocrx_word' id='word_1_151' title='bbox 94 1870 274 1937; x_wconf 84' lang='lat' dir='ltr'><strong>“Quoniam</strong></span> <span class='ocrx_word' id='word_1_152' title='bbox 297 1862 383 1950; x_wconf 85' lang='lat' dir='ltr'><strong>hujus</strong></span> <span class='ocrx_word' id='word_1_153' title='bbox 411 1858 518 1931; x_wconf 83' lang='lat' dir='ltr'><strong>ordinis</strong></span> <span class='ocrx_word' id='word_1_154' title='bbox 543 1874 680 1931; x_wconf 89' lang='lat' dir='ltr'><strong>sublimis.</strong></span> <span class='ocrx_word' id='word_1_155' title='bbox 701 1872 793 1931; x_wconf 91' lang='lat' dir='ltr'><strong>honor</strong></span> <span class='ocrx_word' id='word_1_156' title='bbox 816 1881 869 1940; x_wconf 85' lang='lat' dir='ltr'><strong>est,</strong></span> <span class='ocrx_word' id='word_1_157' title='bbox 894 1871 1059 1949; x_wconf 85' lang='lat' dir='ltr'><strong>hujusmodi</strong></span> <span class='ocrx_word' id='word_1_158' title='bbox 1081 1872 1157 1929; x_wconf 90' lang='lat' dir='ltr'><strong>enim</strong></span> <span class='ocrx_word' id='word_1_159' title='bbox 1183 1871 1290 1930; x_wconf 88' lang='lat' dir='ltr'><strong>Vioarii</strong></span> 
     </span>
     <span class='ocr_line' id='line_1_19' title="bbox 92 1964 1289 2048; baseline -0.001 -22"><span class='ocrx_word' id='word_1_160' title='bbox 92 1968 210 2027; x_wconf 84' lang='lat' dir='ltr'><strong>Christi</strong></span> <span class='ocrx_word' id='word_1_161' title='bbox 223 1964 300 2037; x_wconf 84' lang='lat' dir='ltr'><strong>sunt,</strong></span> <span class='ocrx_word' id='word_1_162' title='bbox 314 1970 421 2028; x_wconf 89' lang='lat' dir='ltr'><strong>idcirco</strong></span> <span class='ocrx_word' id='word_1_163' title='bbox 434 1988 492 2029; x_wconf 88' lang='lat' dir='ltr'><strong>non</strong></span> <span class='ocrx_word' id='word_1_164' title='bbox 506 1970 587 2029; x_wconf 82' lang='lat' dir='ltr'><strong>facile</strong></span> <span class='ocrx_word' id='word_1_165' title='bbox 602 1971 637 2028; x_wconf 92' lang='lat' dir='ltr'><strong>de</strong></span> <span class='ocrx_word' id='word_1_166' title='bbox 651 1971 705 2029; x_wconf 92' lang='lat' dir='ltr'><strong>hac</strong></span> <span class='ocrx_word' id='word_1_167' title='bbox 720 1982 843 2048; x_wconf 81' lang='lat' dir='ltr'><strong>persona</strong></span> <span class='ocrx_word' id='word_1_168' title='bbox 856 1971 998 2028; x_wconf 83' lang='lat' dir='ltr'><strong>accusatio</strong></span> <span class='ocrx_word' id='word_1_169' title='bbox 1009 1969 1093 2027; x_wconf 91' lang='lat' dir='ltr'><strong>debet</strong></span> <span class='ocrx_word' id='word_1_170' title='bbox 1106 1968 1232 2026; x_wconf 87' lang='lat' dir='ltr'><strong>admitti:</strong></span> <span class='ocrx_word' id='word_1_171' title='bbox 1248 1970 1289 2026; x_wconf 91' lang='lat' dir='ltr'><strong>in·</strong></span> 
     </span>
     <span class='ocr_line' id='line_1_20' title="bbox 89 2063 1289 2140; baseline -0.003 -16"><span class='ocrx_word' id='word_1_172' title='bbox 89 2066 234 2125; x_wconf 86' lang='lat' dir='ltr'><strong>credibile</strong></span> <span class='ocrx_word' id='word_1_173' title='bbox 247 2066 324 2123; x_wconf 88' lang='lat' dir='ltr'><strong>enim</strong></span> <span class='ocrx_word' id='word_1_174' title='bbox 335 2065 419 2123; x_wconf 87' lang='lat' dir='ltr'><strong>debet</strong></span> <span class='ocrx_word' id='word_1_175' title='bbox 430 2065 519 2123; x_wconf 87' lang='lat' dir='ltr'><strong>videri</strong></span> <span class='ocrx_word' id='word_1_176' title='bbox 533 2067 618 2125; x_wconf 90' lang='lat' dir='ltr'><strong>istum</strong></span> <span class='ocrx_word' id='word_1_177' title='bbox 627 2068 677 2140; x_wconf 93' lang='lat' dir='ltr'><strong>qui</strong></span> <span class='ocrx_word' id='word_1_178' title='bbox 688 2068 744 2125; x_wconf 92' lang='lat' dir='ltr'><strong>Dei</strong></span> <span class='ocrx_word' id='word_1_179' title='bbox 755 2070 872 2127; x_wconf 88' lang='lat' dir='ltr'><strong>antistes</strong></span> <span class='ocrx_word' id='word_1_180' title='bbox 883 2078 936 2136; x_wconf 91' lang='lat' dir='ltr'><strong>est,</strong></span> <span class='ocrx_word' id='word_1_181' title='bbox 948 2067 1100 2125; x_wconf 88' lang='lat' dir='ltr'><strong>criminose</strong></span> <span class='ocrx_word' id='word_1_182' title='bbox 1113 2063 1289 2123; x_wconf 87' lang='lat' dir='ltr'><strong>versatum.”</strong></span> 
     </span>
     <span class='ocr_line' id='line_1_21' title="bbox 87 2160 1291 2242; baseline 0.001 -24"><span class='ocrx_word' id='word_1_183' title='bbox 87 2161 146 2223; x_wconf 88' lang='lat' dir='ltr'><strong>Ad</strong></span> <span class='ocrx_word' id='word_1_184' title='bbox 160 2160 325 2219; x_wconf 90' lang='lat' dir='ltr'><strong>scandalum</strong></span> <span class='ocrx_word' id='word_1_185' title='bbox 338 2160 505 2228; x_wconf 90' lang='lat' dir='ltr'><strong>tollendum,</strong></span> <span class='ocrx_word' id='word_1_186' title='bbox 520 2161 545 2218; x_wconf 90' lang='lat' dir='ltr'><strong>si</strong></span> <span class='ocrx_word' id='word_1_187' title='bbox 566 2162 659 2237; x_wconf 85' lang='lat' dir='ltr'><strong>palam</strong></span> <span class='ocrx_word' id='word_1_188' title='bbox 680 2162 839 2236; x_wconf 91' lang='lat' dir='ltr'><strong>deliquerit,</strong></span> <span class='ocrx_word' id='word_1_189' title='bbox 852 2167 880 2219; x_wconf 89' lang='lat'><strong>.“</strong></span> <span class='ocrx_word' id='word_1_190' title='bbox 891 2165 1003 2242; x_wconf 91' lang='lat' dir='ltr'><strong>publice</strong></span> <span class='ocrx_word' id='word_1_191' title='bbox 1025 2163 1154 2240; x_wconf 84' lang='lat' dir='ltr'><strong>praecipit</strong></span> <span class='ocrx_word' id='word_1_192' title='bbox 1173 2179 1291 2238; x_wconf 86' lang='lat' dir='ltr'><strong>arguen-</strong></span> 
     </span>
     <span class='ocr_line' id='line_1_22' title="bbox 89 2257 1289 2336; baseline -0.002 -19"><span class='ocrx_word' id='word_1_193' title='bbox 89 2259 180 2324; x_wconf 86' lang='lat' dir='ltr'><strong>dum,</strong></span> <span class='ocrx_word' id='word_1_194' title='bbox 196 2266 226 2315; x_wconf 95' lang='lat' dir='ltr'><strong>ut</strong></span> <span class='ocrx_word' id='word_1_195' title='bbox 239 2257 334 2315; x_wconf 78' lang='lat' dir='ltr'><strong>ceteri</strong></span> <span class='ocrx_word' id='word_1_196' title='bbox 348 2267 513 2324; x_wconf 90' lang='lat' dir='ltr'><strong>terreantur,</strong></span> <span class='ocrx_word' id='word_1_197' title='bbox 528 2257 605 2330; x_wconf 90' lang='lat' dir='ltr'><strong>quod</strong></span> <span class='ocrx_word' id='word_1_198' title='bbox 619 2260 676 2316; x_wconf 88' lang='lat' dir='ltr'><strong>non</strong></span> <span class='ocrx_word' id='word_1_199' title='bbox 690 2259 783 2318; x_wconf 92' lang='lat' dir='ltr'><strong>solum</strong></span> <span class='ocrx_word' id='word_1_200' title='bbox 798 2260 934 2318; x_wconf 84' lang='lat' dir='ltr'><strong>ordinatis</strong></span> <span class='ocrx_word' id='word_1_201' title='bbox 950 2262 1070 2336; x_wconf 87' lang='lat' dir='ltr'><strong>prolicit,</strong></span> <span class='ocrx_word' id='word_1_202' title='bbox 1085 2261 1136 2319; x_wconf 90' lang='lat' dir='ltr'><strong>sed</strong></span> <span class='ocrx_word' id='word_1_203' title='bbox 1150 2271 1180 2318; x_wconf 90' lang='lat' dir='ltr'><strong>et</strong></span> <span class='ocrx_word' id='word_1_204' title='bbox 1192 2258 1289 2336; x_wconf 85' lang='lat' dir='ltr'><strong>plebi:</strong></span> 
     </span>
     <span class='ocr_line' id='line_1_23' title="bbox 49 2342 1291 2434; baseline 0.001 -23"><span class='ocrx_word' id='word_1_205' title='bbox 49 2368 56 2387; x_wconf 75' lang='lat'>⁸</span> <span class='ocrx_word' id='word_1_206' title='bbox 91 2342 214 2428; x_wconf 88' lang='lat' dir='ltr'><strong>quando</strong></span> <span class='ocrx_word' id='word_1_207' title='bbox 229 2353 307 2411; x_wconf 88' lang='lat' dir='ltr'><strong>enim</strong></span> <span class='ocrx_word' id='word_1_208' title='bbox 318 2353 415 2414; x_wconf 87' lang='lat' dir='ltr'><strong>vident</strong></span> <span class='ocrx_word' id='word_1_209' title='bbox 428 2351 601 2430; x_wconf 85' lang='lat' dir='ltr'><strong>dignitosum</strong></span> <span class='ocrx_word' id='word_1_210' title='bbox 616 2355 706 2413; x_wconf 83' lang='lat' dir='ltr'><strong>vimm</strong></span> <span class='ocrx_word' id='word_1_211' title='bbox 721 2356 824 2415; x_wconf 88' lang='lat' dir='ltr'><strong>erroris</strong></span> <span class='ocrx_word' id='word_1_212' title='bbox 835 2375 920 2413; x_wconf 91' lang='lat' dir='ltr'><strong>causa</strong></span> <span class='ocrx_word' id='word_1_213' title='bbox 933 2358 1047 2434; x_wconf 89' lang='lat' dir='ltr'><strong>corripi,</strong></span> <span class='ocrx_word' id='word_1_214' title='bbox 1062 2375 1180 2416; x_wconf 88' lang='lat' dir='ltr'><strong>neccsse</strong></span> <span class='ocrx_word' id='word_1_215' title='bbox 1202 2364 1291 2414; x_wconf 91' lang='lat' dir='ltr'><strong>estut</strong></span> 
     </span>
     <span class='ocr_line' id='line_1_24' title="bbox 95 2450 1249 2519; baseline 0 -8"><span class='ocrx_word' id='word_1_216' title='bbox 95 2450 358 2511; x_wconf 78' lang='lat' dir='ltr'><strong>caveantsibi.”⁸,</strong></span> <span class='ocrx_word' id='word_1_217' title='bbox 399 2500 402 2509; x_wconf 89' lang='lat'>.</span> <span class='ocrx_word' id='word_1_218' title='bbox 444 2494 449 2509; x_wconf 84' lang='lat'>.</span> <span class='ocrx_word' id='word_1_219' title='bbox 478 2512 481 2519; x_wconf 68' lang='grc'>,</span> <span class='ocrx_word' id='word_1_220' title='bbox 779 2464 782 2469; x_wconf 85' lang='grc'><strong>’</strong></span> <span class='ocrx_word' id='word_1_221' title='bbox 1049 2468 1055 2475; x_wconf 89' lang='grc'><em>·</em></span> <span class='ocrx_word' id='word_1_222' title='bbox 1245 2506 1249 2511; x_wconf 95' lang='grc'><em>.</em></span> 
     </span>
     <span class='ocr_line' id='line_1_25' title="bbox 146 2544 1291 2629; baseline 0.004 -23"><span class='ocrx_word' id='word_1_223' title='bbox 146 2548 212 2627; x_wconf 75' lang='lat' dir='ltr'><strong>obj.</strong></span> <span class='ocrx_word' id='word_1_224' title='bbox 227 2552 256 2607; x_wconf 86' lang='grc'><strong>4.</strong></span> <span class='ocrx_word' id='word_1_225' title='bbox 286 2548 321 2607; x_wconf 92' lang='lat' dir='ltr'><strong>In</strong></span> <span class='ocrx_word' id='word_1_226' title='bbox 340 2549 481 2609; x_wconf 84' lang='lat' dir='ltr'><strong>omnibus.</strong></span> <span class='ocrx_word' id='word_1_227' title='bbox 494 2548 634 2608; x_wconf 76' lang='lat' dir='ltr'><strong>conciliis</strong></span> <span class='ocrx_word' id='word_1_228' title='bbox 663 2550 830 2609; x_wconf 82' lang='lat' dir='ltr'><strong>Sacerdotes</strong></span> <span class='ocrx_word' id='word_1_229' title='bbox 845 2551 1010 2629; x_wconf 82' lang='lat' dir='ltr'><strong>adsuerunt,</strong></span> <span class='ocrx_word' id='word_1_230' title='bbox 1034 2563 1063 2610; x_wconf 91' lang='lat' dir='ltr'><strong>et</strong></span> <span class='ocrx_word' id='word_1_231' title='bbox 1089 2554 1120 2611; x_wconf 91' lang='lat' dir='ltr'><strong>in</strong></span> <span class='ocrx_word' id='word_1_232' title='bbox 1146 2544 1291 2611; x_wconf 84' lang='lat' dir='ltr'><strong>nonnullis</strong></span> 
     </span>
     <span class='ocr_line' id='line_1_26' title="bbox 95 2646 1292 2731; baseline -0.001 -25"><span class='ocrx_word' id='word_1_233' title='bbox 95 2648 330 2723; x_wconf 84' lang='lat' dir='ltr'><strong>subscripserunt</strong></span> <span class='ocrx_word' id='word_1_234' title='bbox 343 2646 473 2715; x_wconf 86' lang='lat' dir='ltr'><strong>decretis,</strong></span> <span class='ocrx_word' id='word_1_235' title='bbox 487 2649 576 2705; x_wconf 89' lang='lat' dir='ltr'><strong>instar</strong></span> <span class='ocrx_word' id='word_1_236' title='bbox 589 2648 811 2724; x_wconf 89' lang='lat' dir='ltr'><strong>Episcoporum.</strong></span> <span class='ocrx_word' id='word_1_237' title='bbox 852 2650 914 2706; x_wconf 91' lang='lat' dir='ltr'><strong>Eos</strong></span> <span class='ocrx_word' id='word_1_238' title='bbox 935 2651 1020 2725; x_wconf 90' lang='lat' dir='ltr'><strong>igitur</strong></span> <span class='ocrx_word' id='word_1_239' title='bbox 1040 2652 1217 2707; x_wconf 90' lang='lat' dir='ltr'><strong>necessarios</strong></span> <span class='ocrx_word' id='word_1_240' title='bbox 1233 2646 1292 2731; x_wconf 60' lang='lat' dir='ltr'><strong>d·</strong></span> 
     </span>
     <span class='ocr_line' id='line_1_27' title="bbox 96 2728 1292 2827; baseline -0.003 -23"><span class='ocrx_word' id='word_1_241' title='bbox 96 2755 160 2805; x_wconf 83' lang='lat' dir='ltr'><strong>tem</strong></span> <span class='ocrx_word' id='word_1_242' title='bbox 177 2728 362 2811; x_wconf 35' lang='lat' dir='ltr'><strong>&#39;consiliarios&#39;</strong></span> <span class='ocrx_word' id='word_1_243' title='bbox 383 2743 607 2820; x_wconf 88' lang='lat' dir='ltr'><strong>Episcopornm,</strong></span> <span class='ocrx_word' id='word_1_244' title='bbox 629 2762 680 2800; x_wconf 87' lang='lat' dir='ltr'><strong>scu</strong></span> <span class='ocrx_word' id='word_1_245' title='bbox 697 2746 762 2820; x_wconf 86' lang='lat' dir='ltr'><strong>jure</strong></span> <span class='ocrx_word' id='word_1_246' title='bbox 786 2743 946 2804; x_wconf 80' lang='lat' dir='ltr'><strong>consultioi</strong></span> <span class='ocrx_word' id='word_1_247' title='bbox 970 2739 1097 2827; x_wconf 82' lang='lat' dir='ltr'><strong>suffragii</strong></span> <span class='ocrx_word' id='word_1_248' title='bbox 1118 2745 1172 2802; x_wconf 86' lang='lat' dir='ltr'><strong>frui</strong></span> <span class='ocrx_word' id='word_1_249' title='bbox 1197 2745 1292 2811; x_wconf 84' lang='lat' dir='ltr'><strong>diceri·</strong></span> 
     </span>
     <span class='ocr_line' id='line_1_28' title="bbox 96 2841 353 2901; baseline -0.008 0"><span class='ocrx_word' id='word_1_250' title='bbox 96 2841 170 2901; x_wconf 89' lang='lat' dir='ltr'><strong>dum</strong></span> <span class='ocrx_word' id='word_1_251' title='bbox 184 2852 252 2899; x_wconf 78' lang='lat' dir='ltr'><strong>est·</strong></span> <span class='ocrx_word' id='word_1_252' title='bbox 349 2880 353 2885; x_wconf 93' lang='lat'><em>-</em></span> 
     </span>
    </p>

    <p class='ocr_par' dir='ltr' id='par_1_4' title="bbox 96 2936 1293 3989">
     <span class='ocr_line' id='line_1_29' title="bbox 142 2936 1293 3016; baseline -0.002 -20"><span class='ocrx_word' id='word_1_253' title='bbox 142 2937 231 3016; x_wconf 82' lang='lat' dir='ltr'><strong>Resp.</strong></span> <span class='ocrx_word' id='word_1_254' title='bbox 253 2938 379 2998; x_wconf 81' lang='lat' dir='ltr'><strong>Aderant</strong></span> <span class='ocrx_word' id='word_1_255' title='bbox 392 2938 559 3014; x_wconf 91' lang='lat' dir='ltr'><strong>plerumque</strong></span> <span class='ocrx_word' id='word_1_256' title='bbox 582 2936 669 3009; x_wconf 89' lang='lat' dir='ltr'><strong>aliqui</strong></span> <span class='ocrx_word' id='word_1_257' title='bbox 692 2936 870 3004; x_wconf 80' lang='lat' dir='ltr'><strong>Sacerdotes,</strong></span> <span class='ocrx_word' id='word_1_258' title='bbox 886 2955 958 3008; x_wconf 89' lang='lat' dir='ltr'><strong>quos</strong></span> <span class='ocrx_word' id='word_1_259' title='bbox 980 2936 1089 2994; x_wconf 89' lang='lat' dir='ltr'><strong>itineris</strong></span> <span class='ocrx_word' id='word_1_260' title='bbox 1112 2937 1242 3006; x_wconf 89' lang='lat' dir='ltr'><strong>comites,</strong></span> <span class='ocrx_word' id='word_1_261' title='bbox 1263 2946 1293 2995; x_wconf 89' lang='lat' dir='ltr'><strong>et</strong></span> 
     </span>
     <span class='ocr_line' id='line_1_30' title="bbox 98 3028 1292 3111; baseline -0.001 -17"><span class='ocrx_word' id='word_1_262' title='bbox 98 3035 288 3094; x_wconf 86' lang='lat' dir='ltr'><strong>consiliorum</strong></span> <span class='ocrx_word' id='word_1_263' title='bbox 300 3035 462 3111; x_wconf 88' lang='lat' dir='ltr'><strong>participes,</strong></span> <span class='ocrx_word' id='word_1_264' title='bbox 476 3033 532 3090; x_wconf 89' lang='lat' dir='ltr'><strong>sibi</strong></span> <span class='ocrx_word' id='word_1_265' title='bbox 550 3033 638 3111; x_wconf 86' lang='lat' dir='ltr'><strong>libere</strong></span> <span class='ocrx_word' id='word_1_266' title='bbox 658 3028 839 3091; x_wconf 83' lang='lat' dir='ltr'><strong>adsciverunt</strong></span> <span class='ocrx_word' id='word_1_267' title='bbox 860 3033 1008 3110; x_wconf 88' lang='lat' dir='ltr'><strong>Episcopi.</strong></span> <span class='ocrx_word' id='word_1_268' title='bbox 1053 3033 1292 3110; x_wconf 70' lang='lat' dir='ltr'><strong>subscripserunt</strong></span> 
     </span>
     <span class='ocr_line' id='line_1_31' title="bbox 98 3124 1291 3208; baseline -0.002 -19"><span class='ocrx_word' id='word_1_269' title='bbox 98 3129 222 3189; x_wconf 88' lang='lat' dir='ltr'><strong>decretis</strong></span> <span class='ocrx_word' id='word_1_270' title='bbox 238 3131 287 3204; x_wconf 93' lang='lat' dir='ltr'><strong>qui</strong></span> <span class='ocrx_word' id='word_1_271' title='bbox 300 3130 459 3189; x_wconf 90' lang='lat' dir='ltr'><strong>absentium</strong></span> <span class='ocrx_word' id='word_1_272' title='bbox 478 3127 691 3206; x_wconf 89' lang='lat' dir='ltr'><strong>Episcoporum</strong></span> <span class='ocrx_word' id='word_1_273' title='bbox 713 3139 907 3206; x_wconf 88' lang='lat' dir='ltr'><strong>procuratores</strong></span> <span class='ocrx_word' id='word_1_274' title='bbox 933 3136 1021 3197; x_wconf 80' lang='lat' dir='ltr'><strong>erant,</strong></span> <span class='ocrx_word' id='word_1_275' title='bbox 1036 3132 1082 3189; x_wconf 87' lang='lat' dir='ltr'><strong>vel</strong></span> <span class='ocrx_word' id='word_1_276' title='bbox 1103 3132 1152 3203; x_wconf 91' lang='lat' dir='ltr'><strong>qui</strong></span> <span class='ocrx_word' id='word_1_277' title='bbox 1173 3124 1291 3208; x_wconf 81' lang='lat' dir='ltr'><strong>speciali</strong></span> 
     </span>
     <span class='ocr_line' id='line_1_32' title="bbox 99 3220 1291 3306; baseline -0.002 -21"><span class='ocrx_word' id='word_1_278' title='bbox 99 3226 237 3302; x_wconf 89' lang='lat' dir='ltr'><strong>quadam.</strong></span> <span class='ocrx_word' id='word_1_279' title='bbox 250 3224 385 3306; x_wconf 79' lang='lat' dir='ltr'><strong>dignitate</strong></span> <span class='ocrx_word' id='word_1_280' title='bbox 410 3227 588 3294; x_wconf 84' lang='lat' dir='ltr'><strong>omahantu&#39;r,</strong></span> <span class='ocrx_word' id='word_1_281' title='bbox 615 3227 666 3284; x_wconf 86' lang='lat' dir='ltr'><strong>sed</strong></span> <span class='ocrx_word' id='word_1_282' title='bbox 690 3228 906 3296; x_wconf 87' lang='lat' dir='ltr'><strong>consentiendo,</strong></span> <span class='ocrx_word' id='word_1_283' title='bbox 919 3220 922 3229; x_wconf 76' lang='lat'>&#39;</span> <span class='ocrx_word' id='word_1_284' title='bbox 935 3247 992 3286; x_wconf 91' lang='lat' dir='ltr'><strong>non</strong></span> <span class='ocrx_word' id='word_1_285' title='bbox 1020 3227 1191 3287; x_wconf 90' lang='lat' dir='ltr'><strong>definiendo.</strong></span> <span class='ocrx_word' id='word_1_286' title='bbox 1233 3227 1291 3293; x_wconf 82' lang='lat' dir='ltr'><strong>Qui</strong></span> 
     </span>
     <span class='ocr_line' id='line_1_33' title="bbox 99 3314 1290 3400; baseline -0.003 -15"><span class='ocrx_word' id='word_1_287' title='bbox 99 3323 246 3400; x_wconf 82' lang='lat' dir='ltr'><strong>Episcopi</strong></span> <span class='ocrx_word' id='word_1_288' title='bbox 266 3324 390 3384; x_wconf 87' lang='lat' dir='ltr'><strong>Romani</strong></span> <span class='ocrx_word' id='word_1_289' title='bbox 410 3322 550 3400; x_wconf 82' lang='lat' dir='ltr'><strong>legatione</strong></span> <span class='ocrx_word' id='word_1_290' title='bbox 570 3314 777 3400; x_wconf 83' lang='lat' dir='ltr'><strong>fungebantur,¹</strong></span> <span class='ocrx_word' id='word_1_291' title='bbox 789 3318 852 3397; x_wconf 76' lang='lat' dir='ltr'><strong>quas</strong></span> <span class='ocrx_word' id='word_1_292' title='bbox 873 3328 902 3383; x_wconf 91' lang='lat' dir='ltr'><strong>in</strong></span> <span class='ocrx_word' id='word_1_293' title='bbox 924 3325 1062 3383; x_wconf 85' lang='lat' dir='ltr'><strong>mandatis</strong></span> <span class='ocrx_word' id='word_1_294' title='bbox 1090 3326 1230 3383; x_wconf 89' lang='lat' dir='ltr'><strong>habebant</strong></span> <span class='ocrx_word' id='word_1_295' title='bbox 1253 3341 1290 3381; x_wconf 85' lang='lat' dir='ltr'><strong>ex</strong></span> 
     </span>
     <span class='ocr_line' id='line_1_34' title="bbox 98 3420 1289 3498; baseline 0.002 -20"><span class='ocrx_word' id='word_1_296' title='bbox 98 3421 166 3498; x_wconf 88' lang='lat' dir='ltr'><strong>ejus</strong></span> <span class='ocrx_word' id='word_1_297' title='bbox 180 3422 340 3491; x_wconf 85' lang='lat' dir='ltr'><strong>auctoritato</strong></span> <span class='ocrx_word' id='word_1_298' title='bbox 354 3420 576 3494; x_wconf 86' lang='lat' dir='ltr'><strong>exequebantur,</strong></span> <span class='ocrx_word' id='word_1_299' title='bbox 590 3422 709 3497; x_wconf 91' lang='lat' dir='ltr'><strong>ejusque</strong></span> <span class='ocrx_word' id='word_1_300' title='bbox 734 3423 850 3480; x_wconf 90' lang='lat' dir='ltr'><strong>nomine</strong></span> <span class='ocrx_word' id='word_1_301' title='bbox 873 3423 985 3480; x_wconf 85' lang='lat' dir='ltr'><strong>decreta</strong></span> <span class='ocrx_word' id='word_1_302' title='bbox 1009 3441 1060 3478; x_wconf 89' lang='lat' dir='ltr'><strong>sua</strong></span> <span class='ocrx_word' id='word_1_303' title='bbox 1082 3420 1289 3495; x_wconf 87' lang='lat' dir='ltr'><strong>subscriptione</strong></span> 
     </span>
     <span class='ocr_line' id='line_1_35' title="bbox 99 3516 1290 3595; baseline -0.002 -17"><span class='ocrx_word' id='word_1_304' title='bbox 99 3519 276 3578; x_wconf 87' lang='lat' dir='ltr'><strong>muniebant.</strong></span> <span class='ocrx_word' id='word_1_305' title='bbox 317 3519 415 3592; x_wconf 82' lang='lat' dir='ltr'><strong>Aliqui</strong></span> <span class='ocrx_word' id='word_1_306' title='bbox 430 3517 596 3576; x_wconf 85' lang='lat' dir='ltr'><strong>Cardinales</strong></span> <span class='ocrx_word' id='word_1_307' title='bbox 613 3518 784 3594; x_wconf 89' lang='lat' dir='ltr'><strong>Presbyteri,</strong></span> <span class='ocrx_word' id='word_1_308' title='bbox 799 3530 827 3575; x_wconf 90' lang='lat' dir='ltr'><strong>et</strong></span> <span class='ocrx_word' id='word_1_309' title='bbox 842 3519 997 3577; x_wconf 88' lang='lat' dir='ltr'><strong>Generales</strong></span> <span class='ocrx_word' id='word_1_310' title='bbox 1010 3518 1149 3577; x_wconf 89' lang='lat' dir='ltr'><strong>Ordinum</strong></span> <span class='ocrx_word' id='word_1_311' title='bbox 1164 3516 1290 3595; x_wconf 82' lang='lat' dir='ltr'><strong>Religio·</strong></span> 
     </span>
     <span class='ocr_line' id='line_1_36' title="bbox 100 3613 1287 3694; baseline -0.001 -18"><span class='ocrx_word' id='word_1_312' title='bbox 100 3636 211 3685; x_wconf 88' lang='lat' dir='ltr'><strong>sorum,</strong></span> <span class='ocrx_word' id='word_1_313' title='bbox 226 3627 255 3676; x_wconf 90' lang='lat' dir='ltr'><strong>et</strong></span> <span class='ocrx_word' id='word_1_314' title='bbox 268 3619 402 3684; x_wconf 76' lang='lat' dir='ltr'><strong>Abbates,</strong></span> <span class='ocrx_word' id='word_1_315' title='bbox 412 3618 461 3694; x_wconf 84' lang='lat' dir='ltr'><strong>jus</strong></span> <span class='ocrx_word' id='word_1_316' title='bbox 476 3618 560 3674; x_wconf 92' lang='lat' dir='ltr'><strong>etiam</strong></span> <span class='ocrx_word' id='word_1_317' title='bbox 576 3613 864 3693; x_wconf 76' lang='lat' dir='ltr'><strong>suffragii&#39;definitivi,</strong></span> <span class='ocrx_word' id='word_1_318' title='bbox 879 3636 916 3674; x_wconf 83' lang='lat' dir='ltr'><strong>ex</strong></span> <span class='ocrx_word' id='word_1_319' title='bbox 930 3617 1078 3674; x_wconf 88' lang='lat' dir='ltr'><strong>Pontificis</strong></span> <span class='ocrx_word' id='word_1_320' title='bbox 1093 3614 1287 3685; x_wconf 78' lang='lat' dir='ltr'><strong>concessione,</strong></span> 
     </span>
     <span class='ocr_line' id='line_1_37' title="bbox 96 3713 1290 3795; baseline -0.001 -20"><span class='ocrx_word' id='word_1_321' title='bbox 96 3715 260 3795; x_wconf 84' lang='lat' dir='ltr'><strong>Episcopis</strong></span> <span class='ocrx_word' id='word_1_322' title='bbox 275 3714 351 3774; x_wconf 91' lang='lat' dir='ltr'><strong>haud</strong></span> <span class='ocrx_word' id='word_1_323' title='bbox 365 3714 574 3780; x_wconf 88' lang='lat' dir='ltr'><strong>reluctantibus,</strong></span> <span class='ocrx_word' id='word_1_324' title='bbox 589 3713 620 3771; x_wconf 92' lang='lat' dir='ltr'><strong>in</strong></span> <span class='ocrx_word' id='word_1_325' title='bbox 633 3713 836 3770; x_wconf 88' lang='lat' dir='ltr'><strong>recentioribus</strong></span> <span class='ocrx_word' id='word_1_326' title='bbox 852 3713 992 3771; x_wconf 82' lang='lat' dir='ltr'><strong>Conciliis</strong></span> <span class='ocrx_word' id='word_1_327' title='bbox 1007 3713 1128 3772; x_wconf 90' lang='lat' dir='ltr'><strong>assecuti</strong></span> <span class='ocrx_word' id='word_1_328' title='bbox 1142 3724 1222 3772; x_wconf 86' lang='lat' dir='ltr'><strong>sunt:</strong></span> <span class='ocrx_word' id='word_1_329' title='bbox 1238 3715 1290 3774; x_wconf 91' lang='lat' dir='ltr'><strong>sed</strong></span> 
     </span>
     <span class='ocr_line' id='line_1_38' title="bbox 98 3809 1288 3890; baseline 0.001 -20"><span class='ocrx_word' id='word_1_330' title='bbox 98 3813 151 3890; x_wconf 85' lang='lat' dir='ltr'><strong>jus</strong></span> <span class='ocrx_word' id='word_1_331' title='bbox 165 3813 283 3871; x_wconf 58' lang='lat' dir='ltr'><strong>nullum*</strong></span> <span class='ocrx_word' id='word_1_332' title='bbox 289 3813 384 3870; x_wconf 90' lang='lat' dir='ltr'><strong>stricte</strong></span> <span class='ocrx_word' id='word_1_333' title='bbox 398 3811 504 3869; x_wconf 89' lang='lat' dir='ltr'><strong>dictum</strong></span> <span class='ocrx_word' id='word_1_334' title='bbox 517 3810 545 3866; x_wconf 92' lang='lat' dir='ltr'><strong>vi</strong></span> <span class='ocrx_word' id='word_1_335' title='bbox 558 3810 602 3868; x_wconf 91' lang='lat' dir='ltr'><strong>sui</strong></span> <span class='ocrx_word' id='word_1_336' title='bbox 618 3809 745 3867; x_wconf 90' lang='lat' dir='ltr'><strong>muneris</strong></span> <span class='ocrx_word' id='word_1_337' title='bbox 758 3810 861 3867; x_wconf 87' lang='lat' dir='ltr'><strong>habent</strong></span> <span class='ocrx_word' id='word_1_338' title='bbox 874 3810 1033 3868; x_wconf 84' lang='lat' dir='ltr'><strong>sacerdotes</strong></span> <span class='ocrx_word' id='word_1_339' title='bbox 1048 3820 1079 3868; x_wconf 89' lang='lat' dir='ltr'><strong>ut</strong></span> <span class='ocrx_word' id='word_1_340' title='bbox 1092 3811 1288 3880; x_wconf 88' lang='lat' dir='ltr'><strong>interveniant,</strong></span> 
     </span>
     <span class='ocr_line' id='line_1_39' title="bbox 101 3909 1290 3989; baseline 0 -18"><span class='ocrx_word' id='word_1_341' title='bbox 101 3912 150 3971; x_wconf 76' lang='lat' dir='ltr'><strong>vel</strong></span> <span class='ocrx_word' id='word_1_342' title='bbox 169 3910 340 3988; x_wconf 86' lang='lat' dir='ltr'><strong>suffragium</strong></span> <span class='ocrx_word' id='word_1_343' title='bbox 364 3909 563 3989; x_wconf 85' lang='lat' dir='ltr'><strong>quodcumque</strong></span> <span class='ocrx_word' id='word_1_344' title='bbox 585 3909 684 3966; x_wconf 87' lang='lat' dir='ltr'><strong>ferant.</strong></span> <span class='ocrx_word' id='word_1_345' title='bbox 726 3910 783 3975; x_wconf 82' lang='lat' dir='ltr'><strong>Qui</strong></span> <span class='ocrx_word' id='word_1_346' title='bbox 806 3910 988 3968; x_wconf 89' lang='lat' dir='ltr'><strong>admittuntur</strong></span> <span class='ocrx_word' id='word_1_347' title='bbox 1011 3910 1153 3988; x_wconf 88' lang='lat' dir='ltr'><strong>Theologi</strong></span> <span class='ocrx_word' id='word_1_348' title='bbox 1176 3914 1290 3971; x_wconf 90' lang='lat' dir='ltr'><strong>consul·</strong></span> 
     </span>
    </p>

    <p class='ocr_par' dir='ltr' id='par_1_5' title="bbox 71 3998 1365 4181">
     <span class='ocr_line' id='line_1_40' title="bbox 75 3998 1365 4087; baseline 0 -20"><span class='ocrx_word' id='word_1_349' title='bbox 75 4068 81 4077; x_wconf 83' lang='grc'>,</span> <span class='ocrx_word' id='word_1_350' title='bbox 102 4019 190 4078; x_wconf 87' lang='lat' dir='ltr'><strong>tores,</strong></span> <span class='ocrx_word' id='word_1_351' title='bbox 202 4008 356 4087; x_wconf 77' lang='lat' dir='ltr'><strong>sententias</strong></span> <span class='ocrx_word' id='word_1_352' title='bbox 370 3998 442 4065; x_wconf 85' lang='lat' dir='ltr'><strong>suas</strong></span> <span class='ocrx_word' id='word_1_353' title='bbox 451 4007 613 4082; x_wconf 87' lang='lat' dir='ltr'><strong>interrogati</strong></span> <span class='ocrx_word' id='word_1_354' title='bbox 634 4016 792 4082; x_wconf 78' lang='lat' dir='ltr'><strong>exponunt,</strong></span> <span class='ocrx_word' id='word_1_355' title='bbox 808 4007 929 4079; x_wconf 92' lang='lat' dir='ltr'><strong>ideoque</strong></span> <span class='ocrx_word' id='word_1_356' title='bbox 945 4018 1041 4065; x_wconf 71' lang='lat' dir='ltr'><strong>summ</strong></span> <span class='ocrx_word' id='word_1_357' title='bbox 1062 4011 1251 4067; x_wconf 90' lang='lat' dir='ltr'><strong>consultivum</strong></span> <span class='ocrx_word' id='word_1_358' title='bbox 1262 4029 1289 4067; x_wconf 87' lang='lat' dir='ltr'><strong>a</strong></span> <span class='ocrx_word' id='word_1_359' title='bbox 1362 4074 1365 4085; x_wconf 39' lang='grc' dir='ltr'>Ι</span> 
     </span>
     <span class='ocr_line' id='line_1_41' title="bbox 71 4101 1288 4181; baseline -0.006 -12"><span class='ocrx_word' id='word_1_360' title='bbox 71 4106 81 4169; x_wconf 79' lang='grc' dir='ltr'><em>ἶ</em></span> <span class='ocrx_word' id='word_1_361' title='bbox 102 4105 277 4169; x_wconf 87' lang='lat' dir='ltr'><strong>nonnemine</strong></span> <span class='ocrx_word' id='word_1_362' title='bbox 291 4102 572 4170; x_wconf 77' lang='lat' dir='ltr'><strong>habere‘dicuntur;⁴</strong></span> <span class='ocrx_word' id='word_1_363' title='bbox 582 4101 659 4176; x_wconf 94' lang='lat' dir='ltr'><strong>quod</strong></span> <span class='ocrx_word' id='word_1_364' title='bbox 674 4104 756 4161; x_wconf 88' lang='lat' dir='ltr'><strong>nobis</strong></span> <span class='ocrx_word' id='word_1_365' title='bbox 771 4105 806 4160; x_wconf 91' lang='lat' dir='ltr'><strong>iis</strong></span> <span class='ocrx_word' id='word_1_366' title='bbox 821 4115 927 4162; x_wconf 84' lang='lat' dir='ltr'><strong>tantum</strong></span> <span class='ocrx_word' id='word_1_367' title='bbox 942 4105 992 4175; x_wconf 90' lang='lat' dir='ltr'><strong>qui</strong></span> <span class='ocrx_word' id='word_1_368' title='bbox 1008 4106 1057 4181; x_wconf 91' lang='lat' dir='ltr'><strong>jus</strong></span> <span class='ocrx_word' id='word_1_369' title='bbox 1073 4106 1177 4164; x_wconf 87' lang='lat' dir='ltr'><strong>hahent</strong></span> <span class='ocrx_word' id='word_1_370' title='bbox 1190 4105 1288 4164; x_wconf 83' lang='lat' dir='ltr'><strong>suffra·</strong></span> 
     </span>
    </p>
   </div>
   <div class='ocr_carea' id='block_1_4' title="bbox 56 4200 1286 4445">
    <p class='ocr_par' dir='ltr' id='par_1_6' title="bbox 56 4200 1286 4445">
     <span class='ocr_line' id='line_1_42' title="bbox 56 4200 1286 4445; baseline -0.003 -182"><span class='ocrx_word' id='word_1_371' title='bbox 56 4204 182 4445; x_wconf 42' lang='lat' dir='ltr'><strong>{giam</strong></span> <span class='ocrx_word' id='word_1_372' title='bbox 208 4202 305 4270; x_wconf 90' lang='lat' dir='ltr'><strong>dandi,</strong></span> <span class='ocrx_word' id='word_1_373' title='bbox 328 4200 459 4275; x_wconf 86' lang='lat' dir='ltr'><strong>quamvis</strong></span> <span class='ocrx_word' id='word_1_374' title='bbox 481 4218 538 4281; x_wconf 85' lang='lat' dir='ltr'><strong>non</strong></span> <span class='ocrx_word' id='word_1_375' title='bbox 560 4211 722 4258; x_wconf 88' lang='lat' dir='ltr'><strong>numeretur</strong></span> <span class='ocrx_word' id='word_1_376' title='bbox 744 4201 817 4259; x_wconf 87' lang='lat' dir='ltr'><strong>inter</strong></span> <span class='ocrx_word' id='word_1_377' title='bbox 836 4201 971 4270; x_wconf 85' lang='lat' dir='ltr'><strong>decisive,</strong></span> <span class='ocrx_word' id='word_1_378' title='bbox 986 4217 1146 4281; x_wconf 87' lang='lat' dir='ltr'><strong>competere</strong></span> <span class='ocrx_word' id='word_1_379' title='bbox 1169 4203 1286 4262; x_wconf 84' lang='lat' dir='ltr'><strong>videtur.</strong></span> 
     </span>
    </p>
   </div>
   <div class='ocr_carea' id='block_1_5' title="bbox 209 4356 956 4669">
    <p class='ocr_par' dir='ltr' id='par_1_7' title="bbox 209 4356 956 4669">
     <span class='ocr_line' id='line_1_43' title="bbox 299 4356 489 4420; baseline -0.011 -13"><span class='ocrx_word' id='word_1_380' title='bbox 299 4358 335 4420; x_wconf 83' lang='lat'><strong>(1)</strong></span> <span class='ocrx_word' id='word_1_381' title='bbox 352 4356 406 4407; x_wconf 82' lang='lat' dir='ltr'><strong>Jao</strong></span> <span class='ocrx_word' id='word_1_382' title='bbox 418 4373 439 4407; x_wconf 84' lang='lat' dir='ltr'><strong>r.</strong></span> <span class='ocrx_word' id='word_1_383' title='bbox 452 4358 489 4406; x_wconf 82' lang='lat'><strong>14.</strong></span> 
     </span>
     <span class='ocr_line' id='line_1_44' title="bbox 297 4440 520 4503; baseline 0 -15"><span class='ocrx_word' id='word_1_384' title='bbox 297 4441 333 4503; x_wconf 75' lang='lat'><strong>(2)</strong></span> <span class='ocrx_word' id='word_1_385' title='bbox 346 4441 358 4491; x_wconf 95' lang='lat'>1</span> <span class='ocrx_word' id='word_1_386' title='bbox 371 4440 437 4490; x_wconf 82' lang='lat' dir='ltr'><strong>Tim.</strong></span> <span class='ocrx_word' id='word_1_387' title='bbox 447 4457 468 4490; x_wconf 85' lang='lat' dir='ltr'><strong>r.</strong></span> <span class='ocrx_word' id='word_1_388' title='bbox 482 4441 520 4489; x_wconf 87' lang='lat'><strong>19.</strong></span> 
     </span>
     <span class='ocr_line' id='line_1_45' title="bbox 294 4521 552 4585; baseline 0 -13"><span class='ocrx_word' id='word_1_389' title='bbox 294 4524 334 4585; x_wconf 75' lang='lat'><strong>(3)</strong></span> <span class='ocrx_word' id='word_1_390' title='bbox 344 4526 458 4574; x_wconf 82' lang='lat' dir='ltr'><strong>Ambrae.</strong></span> <span class='ocrx_word' id='word_1_391' title='bbox 469 4523 496 4570; x_wconf 91' lang='lat' dir='ltr'><strong>in</strong></span> <span class='ocrx_word' id='word_1_392' title='bbox 507 4521 552 4572; x_wconf 78' lang='lat' dir='ltr'><strong>loe</strong></span> 
     </span>
     <span class='ocr_line' id='line_1_46' title="bbox 209 4605 956 4669; baseline 0.004 -14"><span class='ocrx_word' id='word_1_393' title='bbox 209 4620 212 4625; x_wconf 87' lang='lat'>·</span> <span class='ocrx_word' id='word_1_394' title='bbox 298 4606 335 4668; x_wconf 83' lang='lat'><strong>(4)</strong></span> <span class='ocrx_word' id='word_1_395' title='bbox 347 4606 410 4656; x_wconf 87' lang='lat' dir='ltr'><strong>Vide</strong></span> <span class='ocrx_word' id='word_1_396' title='bbox 426 4605 448 4657; x_wconf 88' lang='lat' dir='ltr'>F</span> <span class='ocrx_word' id='word_1_397' title='bbox 448 4605 545 4666; x_wconf 84' lang='lat' dir='ltr'><strong>erraris,</strong></span> <span class='ocrx_word' id='word_1_398' title='bbox 555 4605 715 4666; x_wconf 86' lang='lat' dir='ltr'><strong>Bibliotheca,</strong></span> <span class='ocrx_word' id='word_1_399' title='bbox 725 4606 872 4669; x_wconf 86' lang='lat' dir='ltr'><strong>Concilium,</strong></span> <span class='ocrx_word' id='word_1_400' title='bbox 883 4625 907 4658; x_wconf 89' lang='lat' dir='ltr'><strong>n.</strong></span> <span class='ocrx_word' id='word_1_401' title='bbox 919 4609 956 4660; x_wconf 76' lang='lat'><strong>31.</strong></span> 
     </span>
    </p>
   </div>
   <div class='ocr_carea' id='block_1_6' title="bbox 221 4691 493 4771">
    <p class='ocr_par' dir='ltr' id='par_1_8' title="bbox 221 4691 493 4771">
     <span class='ocr_line' id='line_1_47' title="bbox 221 4691 493 4771; baseline -0.011 -22"><span class='ocrx_word' id='word_1_402' title='bbox 221 4692 297 4751; x_wconf 75' lang='lat' dir='ltr'><strong>Vos.</strong></span> <span class='ocrx_word' id='word_1_403' title='bbox 312 4691 417 4771; x_wconf 55' lang='lat'>¹⁹³⁸.</span> <span class='ocrx_word' id='word_1_404' title='bbox 490 4718 493 4723; x_wconf 36' lang='lat' dir='ltr'>v</span> 
     </span>
    </p>
   </div>
   <div class='ocr_carea' id='block_1_7' title="bbox 0 0 1383 5032">
    <p class='ocr_par' dir='ltr' id='par_1_9' title="bbox 0 0 1383 5032">
     <span class='ocr_line' id='line_1_48' title="bbox 0 0 1383 5032; baseline 0 0"><span class='ocrx_word' id='word_1_405' title='bbox 0 0 1383 5032; x_wconf 95' lang='lat' dir='ltr'><strong> </strong></span> 
     </span>
    </p>
   </div>
  </div>
 </body>
</html>
