<?xml version="1.0" encoding="UTF-8"?>
<!DOCTYPE html PUBLIC "-//W3C//DTD XHTML 1.0 Transitional//EN"
    "http://www.w3.org/TR/xhtml1/DTD/xhtml1-transitional.dtd">
<html xmlns="http://www.w3.org/1999/xhtml" xml:lang="en" lang="en">
 <head>
  <title>
</title>
<meta http-equiv="Content-Type" content="text/html;charset=utf-8" />
  <meta name='ocr-system' content='tesseract 3.04.00' />
  <meta name='ocr-capabilities' content='ocr_page ocr_carea ocr_par ocr_line ocrx_word'/>
</head>
<body>
  <div class='ocr_page' id='page_1' title='image "./theologidogmati00kenrgoog_0346.png"; bbox 0 0 2738 5032; ppageno 0'>
   <div class='ocr_carea' id='block_1_1' title="bbox 484 246 1289 309">
    <p class='ocr_par' dir='ltr' id='par_1_1' title="bbox 484 246 1289 309">
     <span class='ocr_line' id='line_1_1' title="bbox 484 246 1289 309; baseline 0.004 -3"><span class='ocrx_word' id='word_1_1' title='bbox 484 247 541 306; x_wconf 86' lang='lat' dir='ltr'>DE</span> <span class='ocrx_word' id='word_1_2' title='bbox 563 246 701 307; x_wconf 83' lang='lat' dir='ltr'><strong>VERBO</strong></span> <span class='ocrx_word' id='word_1_3' title='bbox 723 248 909 309; x_wconf 71' lang='lat' dir='ltr'>scalpro.</span> <span class='ocrx_word' id='word_1_4' title='bbox 1231 252 1289 309; x_wconf 70' lang='lat'>829</span> 
     </span>
    </p>
   </div>
   <div class='ocr_carea' id='block_1_2' title="bbox 87 399 1320 2508">
    <p class='ocr_par' dir='ltr' id='par_1_2' title="bbox 87 399 1320 1642">
     <span class='ocr_line' id='line_1_2' title="bbox 87 399 1289 485; baseline 0.002 -22"><span class='ocrx_word' id='word_1_5' title='bbox 87 399 150 463; x_wconf 71' lang='lat' dir='ltr'>sed</span> <span class='ocrx_word' id='word_1_6' title='bbox 167 401 317 461; x_wconf 78' lang='lat' dir='ltr'>manifesta</span> <span class='ocrx_word' id='word_1_7' title='bbox 330 411 359 463; x_wconf 90' lang='lat' dir='ltr'>et</span> <span class='ocrx_word' id='word_1_8' title='bbox 372 404 534 478; x_wconf 85' lang='lat' dir='ltr'>quotidiana</span> <span class='ocrx_word' id='word_1_9' title='bbox 547 406 676 464; x_wconf 87' lang='lat' dir='ltr'>omnium</span> <span class='ocrx_word' id='word_1_10' title='bbox 687 406 737 478; x_wconf 90' lang='lat' dir='ltr'>qni</span> <span class='ocrx_word' id='word_1_11' title='bbox 751 405 911 483; x_wconf 75' lang='lat' dir='ltr'>Scripturas</span> <span class='ocrx_word' id='word_1_12' title='bbox 924 407 1141 485; x_wconf 77' lang='lat' dir='ltr'>diligentissime</span> <span class='ocrx_word' id='word_1_13' title='bbox 1151 408 1289 466; x_wconf 85' lang='lat' dir='ltr'>rimantur</span> 
     </span>
     <span class='ocr_line' id='line_1_3' title="bbox 90 498 1286 578; baseline 0.007 -23"><span class='ocrx_word' id='word_1_14' title='bbox 90 498 287 576; x_wconf 82' lang='lat' dir='ltr'>experientia,</span> <span class='ocrx_word' id='word_1_15' title='bbox 302 511 412 559; x_wconf 87' lang='lat' dir='ltr'>constat</span> <span class='ocrx_word' id='word_1_16' title='bbox 425 521 542 560; x_wconf 88' lang='lat' dir='ltr'>sensum</span> <span class='ocrx_word' id='word_1_17' title='bbox 562 522 660 560; x_wconf 88' lang='lat' dir='ltr'>earum</span> <span class='ocrx_word' id='word_1_18' title='bbox 682 503 833 578; x_wconf 89' lang='lat' dir='ltr'>plerosque</span> <span class='ocrx_word' id='word_1_19' title='bbox 847 502 943 570; x_wconf 89' lang='lat' dir='ltr'>latere,</span> <span class='ocrx_word' id='word_1_20' title='bbox 958 506 1007 576; x_wconf 91' lang='lat' dir='ltr'>qui</span> <span class='ocrx_word' id='word_1_21' title='bbox 1021 506 1074 563; x_wconf 92' lang='lat' dir='ltr'>sibi</span> <span class='ocrx_word' id='word_1_22' title='bbox 1088 505 1188 573; x_wconf 85' lang='lat' dir='ltr'>fidunt,</span> <span class='ocrx_word' id='word_1_23' title='bbox 1204 505 1286 564; x_wconf 90' lang='lat' dir='ltr'>innu-</span> 
     </span>
     <span class='ocr_line' id='line_1_4' title="bbox 94 595 1285 676; baseline 0.006 -23"><span class='ocrx_word' id='word_1_24' title='bbox 94 595 188 653; x_wconf 87' lang='lat' dir='ltr'>meris</span> <span class='ocrx_word' id='word_1_25' title='bbox 203 597 280 655; x_wconf 91' lang='lat' dir='ltr'>enim</span> <span class='ocrx_word' id='word_1_26' title='bbox 294 607 323 655; x_wconf 92' lang='lat' dir='ltr'>et</span> <span class='ocrx_word' id='word_1_27' title='bbox 336 596 560 676; x_wconf 80' lang='lat' dir='ltr'>discrepantibus</span> <span class='ocrx_word' id='word_1_28' title='bbox 574 599 711 658; x_wconf 91' lang='lat' dir='ltr'>collidunt</span> <span class='ocrx_word' id='word_1_29' title='bbox 731 599 888 656; x_wconf 78' lang='lat' dir='ltr'>sententiis.</span> <span class='ocrx_word' id='word_1_30' title='bbox 930 599 999 658; x_wconf 90' lang='lat' dir='ltr'>Jnre</span> <span class='ocrx_word' id='word_1_31' title='bbox 1020 615 1114 660; x_wconf 85' lang='lat' dir='ltr'>autern</span> <span class='ocrx_word' id='word_1_32' title='bbox 1131 602 1285 675; x_wconf 88' lang='lat' dir='ltr'>meritoque</span> 
     </span>
     <span class='ocr_line' id='line_1_5' title="bbox 93 689 1287 775; baseline 0.005 -26"><span class='ocrx_word' id='word_1_33' title='bbox 93 689 249 751; x_wconf 76' lang='lat' dir='ltr'>laudantur</span> <span class='ocrx_word' id='word_1_34' title='bbox 259 692 430 762; x_wconf 74' lang='lat' dir='ltr'>Beruenses,</span> <span class='ocrx_word' id='word_1_35' title='bbox 445 696 495 769; x_wconf 90' lang='lat' dir='ltr'>qui</span> <span class='ocrx_word' id='word_1_36' title='bbox 509 695 544 753; x_wconf 90' lang='lat' dir='ltr'>de</span> <span class='ocrx_word' id='word_1_37' title='bbox 558 695 642 754; x_wconf 90' lang='lat' dir='ltr'>Pauli</span> <span class='ocrx_word' id='word_1_38' title='bbox 657 694 753 752; x_wconf 83' lang='lat' dir='ltr'>divina</span> <span class='ocrx_word' id='word_1_39' title='bbox 767 695 906 772; x_wconf 79' lang='lat' dir='ltr'>legatione</span> <span class='ocrx_word' id='word_1_40' title='bbox 920 694 1012 754; x_wconf 91' lang='lat' dir='ltr'>adhuc</span> <span class='ocrx_word' id='word_1_41' title='bbox 1026 698 1135 765; x_wconf 90' lang='lat' dir='ltr'>incerti,</span> <span class='ocrx_word' id='word_1_42' title='bbox 1148 699 1176 757; x_wconf 93' lang='lat' dir='ltr'>in</span> <span class='ocrx_word' id='word_1_43' title='bbox 1192 698 1287 775; x_wconf 86' lang='lat' dir='ltr'>Scrip·</span> 
     </span>
     <span class='ocr_line' id='line_1_6' title="bbox 98 789 1288 869; baseline 0.003 -23"><span class='ocrx_word' id='word_1_44' title='bbox 98 791 170 847; x_wconf 89' lang='lat' dir='ltr'>turis</span> <span class='ocrx_word' id='word_1_45' title='bbox 184 789 371 863; x_wconf 75' lang='lat' dir='ltr'>exquirebant</span> <span class='ocrx_word' id='word_1_46' title='bbox 384 810 447 864; x_wconf 79' lang='lat' dir='ltr'>qne</span> <span class='ocrx_word' id='word_1_47' title='bbox 467 792 603 869; x_wconf 76' lang='lat' dir='ltr'>allegabat</span> <span class='ocrx_word' id='word_1_48' title='bbox 616 791 786 858; x_wconf 89' lang='lat' dir='ltr'>testimonia,</span> <span class='ocrx_word' id='word_1_49' title='bbox 807 802 835 849; x_wconf 90' lang='lat' dir='ltr'>et</span> <span class='ocrx_word' id='word_1_50' title='bbox 848 809 964 849; x_wconf 90' lang='lat' dir='ltr'>sensum</span> <span class='ocrx_word' id='word_1_51' title='bbox 979 811 1066 865; x_wconf 89' lang='lat' dir='ltr'>quem</span> <span class='ocrx_word' id='word_1_52' title='bbox 1079 794 1136 852; x_wconf 90' lang='lat' dir='ltr'>illis</span> <span class='ocrx_word' id='word_1_53' title='bbox 1151 794 1288 853; x_wconf 88' lang='lat' dir='ltr'>tribuebat</span> 
     </span>
     <span class='ocr_line' id='line_1_7' title="bbox 101 870 1286 964; baseline 0.005 -23"><span class='ocrx_word' id='word_1_54' title='bbox 101 870 253 962; x_wconf 78' lang='lat' dir='ltr'>diligenter</span> <span class='ocrx_word' id='word_1_55' title='bbox 266 886 361 945; x_wconf 89' lang='lat' dir='ltr'>animo</span> <span class='ocrx_word' id='word_1_56' title='bbox 376 870 534 945; x_wconf 86' lang='lat' dir='ltr'>volvebant.</span> <span class='ocrx_word' id='word_1_57' title='bbox 576 887 709 945; x_wconf 83' lang='lat' dir='ltr'>Examen</span> <span class='ocrx_word' id='word_1_58' title='bbox 729 885 894 964; x_wconf 85' lang='lat' dir='ltr'>hujusmodi</span> <span class='ocrx_word' id='word_1_59' title='bbox 908 887 989 946; x_wconf 91' lang='lat' dir='ltr'>licuit</span> <span class='ocrx_word' id='word_1_60' title='bbox 1001 887 1058 946; x_wconf 92' lang='lat' dir='ltr'>illis</span> <span class='ocrx_word' id='word_1_61' title='bbox 1073 889 1175 962; x_wconf 90' lang='lat' dir='ltr'>quibus</span> <span class='ocrx_word' id='word_1_62' title='bbox 1189 888 1286 948; x_wconf 86' lang='lat' dir='ltr'>divina</span> 
     </span>
     <span class='ocr_line' id='line_1_8' title="bbox 101 980 1284 1062; baseline 0.002 -21"><span class='ocrx_word' id='word_1_63' title='bbox 101 980 233 1060; x_wconf 76' lang='lat' dir='ltr'>Apostoli</span> <span class='ocrx_word' id='word_1_64' title='bbox 244 982 392 1040; x_wconf 89' lang='lat' dir='ltr'>auctoritas</span> <span class='ocrx_word' id='word_1_65' title='bbox 406 1002 464 1042; x_wconf 90' lang='lat' dir='ltr'>non</span> <span class='ocrx_word' id='word_1_66' title='bbox 475 994 535 1043; x_wconf 88' lang='lat' dir='ltr'>erat</span> <span class='ocrx_word' id='word_1_67' title='bbox 546 982 701 1061; x_wconf 83' lang='lat' dir='ltr'>explorata</span> <span class='ocrx_word' id='word_1_68' title='bbox 737 983 801 1040; x_wconf 92' lang='lat' dir='ltr'>Nec</span> <span class='ocrx_word' id='word_1_69' title='bbox 811 982 877 1041; x_wconf 88' lang='lat' dir='ltr'>ideo</span> <span class='ocrx_word' id='word_1_70' title='bbox 888 983 945 1041; x_wconf 92' lang='lat' dir='ltr'>dici</span> <span class='ocrx_word' id='word_1_71' title='bbox 956 994 1050 1062; x_wconf 89' lang='lat' dir='ltr'>potest</span> <span class='ocrx_word' id='word_1_72' title='bbox 1063 985 1215 1061; x_wconf 86' lang='lat' dir='ltr'>scripturas</span> <span class='ocrx_word' id='word_1_73' title='bbox 1225 1003 1284 1045; x_wconf 90' lang='lat' dir='ltr'>non</span> 
     </span>
     <span class='ocr_line' id='line_1_9' title="bbox 101 1076 1285 1158; baseline 0.002 -19"><span class='ocrx_word' id='word_1_74' title='bbox 101 1076 230 1156; x_wconf 85' lang='lat' dir='ltr'>indigere</span> <span class='ocrx_word' id='word_1_75' title='bbox 253 1079 415 1156; x_wconf 86' lang='lat' dir='ltr'>interprete,</span> <span class='ocrx_word' id='word_1_76' title='bbox 441 1080 547 1139; x_wconf 91' lang='lat' dir='ltr'>Paulus</span> <span class='ocrx_word' id='word_1_77' title='bbox 569 1080 646 1138; x_wconf 89' lang='lat' dir='ltr'>enim</span> <span class='ocrx_word' id='word_1_78' title='bbox 670 1080 733 1138; x_wconf 90' lang='lat' dir='ltr'>illas</span> <span class='ocrx_word' id='word_1_79' title='bbox 755 1080 950 1158; x_wconf 88' lang='lat' dir='ltr'>interpretatus</span> <span class='ocrx_word' id='word_1_80' title='bbox 971 1093 1031 1149; x_wconf 90' lang='lat' dir='ltr'>cst;</span> <span class='ocrx_word' id='word_1_81' title='bbox 1056 1082 1102 1140; x_wconf 89' lang='lat' dir='ltr'>cui</span> <span class='ocrx_word' id='word_1_82' title='bbox 1125 1079 1285 1141; x_wconf 78' lang='lat' dir='ltr'>Beruenses</span> 
     </span>
     <span class='ocr_line' id='line_1_10' title="bbox 101 1173 1320 1254; baseline 0.001 -21"><span class='ocrx_word' id='word_1_83' title='bbox 101 1173 237 1251; x_wconf 84' lang='lat' dir='ltr'>deinceps</span> <span class='ocrx_word' id='word_1_84' title='bbox 258 1176 453 1244; x_wconf 87' lang='lat' dir='ltr'>assentientes,</span> <span class='ocrx_word' id='word_1_85' title='bbox 468 1175 615 1253; x_wconf 87' lang='lat' dir='ltr'>scripturis</span> <span class='ocrx_word' id='word_1_86' title='bbox 635 1175 821 1253; x_wconf 83' lang='lat' dir='ltr'>investigatis,</span> <span class='ocrx_word' id='word_1_87' title='bbox 836 1193 895 1234; x_wconf 88' lang='lat' dir='ltr'>non</span> <span class='ocrx_word' id='word_1_88' title='bbox 914 1187 1084 1254; x_wconf 86' lang='lat' dir='ltr'>respuerunt</span> <span class='ocrx_word' id='word_1_89' title='bbox 1105 1176 1179 1233; x_wconf 92' lang='lat' dir='ltr'>illius</span> <span class='ocrx_word' id='word_1_90' title='bbox 1200 1178 1285 1236; x_wconf 87' lang='lat' dir='ltr'>inter·</span> <span class='ocrx_word' id='word_1_91' title='bbox 1317 1241 1320 1247; x_wconf 52' lang='grc'><strong><em>,</em></strong></span> 
     </span>
     <span class='ocr_line' id='line_1_11' title="bbox 101 1270 1286 1351; baseline 0.001 -20"><span class='ocrx_word' id='word_1_92' title='bbox 101 1270 299 1349; x_wconf 73' lang='lat' dir='ltr'>pmoriomm,</span> <span class='ocrx_word' id='word_1_93' title='bbox 312 1272 358 1332; x_wconf 86' lang='lat' dir='ltr'>rel</span> <span class='ocrx_word' id='word_1_94' title='bbox 371 1273 574 1341; x_wconf 85' lang='lat' dir='ltr'>anctoritatem,</span> <span class='ocrx_word' id='word_1_95' title='bbox 588 1272 639 1331; x_wconf 90' lang='lat' dir='ltr'>sed</span> <span class='ocrx_word' id='word_1_96' title='bbox 653 1292 716 1332; x_wconf 89' lang='lat' dir='ltr'>eam</span> <span class='ocrx_word' id='word_1_97' title='bbox 731 1273 826 1351; x_wconf 90' lang='lat' dir='ltr'>potius</span> <span class='ocrx_word' id='word_1_98' title='bbox 840 1273 965 1350; x_wconf 88' lang='lat' dir='ltr'>amplexi</span> <span class='ocrx_word' id='word_1_99' title='bbox 979 1281 1062 1341; x_wconf 71' lang='lat' dir='ltr'>suutr</span> <span class='ocrx_word' id='word_1_100' title='bbox 1075 1272 1156 1330; x_wconf 91' lang='lat' dir='ltr'>Deus</span> <span class='ocrx_word' id='word_1_101' title='bbox 1176 1272 1286 1332; x_wconf 86' lang='lat' dir='ltr'>scilicet</span> 
     </span>
     <span class='ocr_line' id='line_1_12' title="bbox 101 1366 1289 1447; baseline -0.002 -20"><span class='ocrx_word' id='word_1_102' title='bbox 101 1366 266 1447; x_wconf 68' lang='lat' dir='ltr'>scripturis,</span> <span class='ocrx_word' id='word_1_103' title='bbox 275 1370 418 1447; x_wconf 81' lang='lat' dir='ltr'>quaejam</span> <span class='ocrx_word' id='word_1_104' title='bbox 431 1370 631 1447; x_wconf 75' lang='lat' dir='ltr'>agnoscebant,</span> <span class='ocrx_word' id='word_1_105' title='bbox 643 1388 712 1428; x_wconf 89' lang='lat' dir='ltr'>usus</span> <span class='ocrx_word' id='word_1_106' title='bbox 726 1380 779 1437; x_wconf 89' lang='lat' dir='ltr'>est,</span> <span class='ocrx_word' id='word_1_107' title='bbox 792 1379 824 1427; x_wconf 92' lang='lat' dir='ltr'>ut</span> <span class='ocrx_word' id='word_1_108' title='bbox 836 1388 886 1428; x_wconf 89' lang='lat' dir='ltr'>eos</span> <span class='ocrx_word' id='word_1_109' title='bbox 902 1369 938 1429; x_wconf 91' lang='lat' dir='ltr'>ad</span> <span class='ocrx_word' id='word_1_110' title='bbox 952 1368 1181 1447; x_wconf 80' lang='lat' dir='ltr'>pradicationem</span> <span class='ocrx_word' id='word_1_111' title='bbox 1196 1368 1289 1445; x_wconf 82' lang='lat' dir='ltr'>Apos-</span> 
     </span>
     <span class='ocr_line' id='line_1_13' title="bbox 99 1464 1285 1547; baseline -0.001 -22"><span class='ocrx_word' id='word_1_112' title='bbox 99 1464 213 1525; x_wconf 87' lang='lat' dir='ltr'>tolicsm</span> <span class='ocrx_word' id='word_1_113' title='bbox 226 1466 450 1545; x_wconf 82' lang='lat' dir='ltr'>amplectendam</span> <span class='ocrx_word' id='word_1_114' title='bbox 464 1467 645 1547; x_wconf 78' lang='lat' dir='ltr'>disponeret:</span> <span class='ocrx_word' id='word_1_115' title='bbox 663 1464 740 1540; x_wconf 80' lang='lat' dir='ltr'>&#39;quos</span> <span class='ocrx_word' id='word_1_116' title='bbox 754 1467 889 1545; x_wconf 88' lang='lat' dir='ltr'>deinceps</span> <span class='ocrx_word' id='word_1_117' title='bbox 903 1467 959 1526; x_wconf 87' lang='lat' dir='ltr'>tide</span> <span class='ocrx_word' id='word_1_118' title='bbox 971 1468 1124 1527; x_wconf 87' lang='lat' dir='ltr'>illustratos</span> <span class='ocrx_word' id='word_1_119' title='bbox 1138 1466 1285 1525; x_wconf 87' lang='lat' dir='ltr'>auctorita·</span> 
     </span>
     <span class='ocr_line' id='line_1_14' title="bbox 100 1563 856 1642; baseline -0.003 -19"><span class='ocrx_word' id='word_1_120' title='bbox 100 1570 158 1623; x_wconf 82' lang='lat' dir='ltr'>tem</span> <span class='ocrx_word' id='word_1_121' title='bbox 171 1563 303 1642; x_wconf 79' lang='lat' dir='ltr'>Apostoli</span> <span class='ocrx_word' id='word_1_122' title='bbox 317 1565 347 1623; x_wconf 91' lang='lat' dir='ltr'>in</span> <span class='ocrx_word' id='word_1_123' title='bbox 361 1565 494 1624; x_wconf 89' lang='lat' dir='ltr'>omnibus</span> <span class='ocrx_word' id='word_1_124' title='bbox 508 1574 623 1625; x_wconf 90' lang='lat' dir='ltr'>secutos</span> <span class='ocrx_word' id='word_1_125' title='bbox 639 1563 787 1624; x_wconf 90' lang='lat' dir='ltr'>indubium</span> <span class='ocrx_word' id='word_1_126' title='bbox 803 1574 856 1622; x_wconf 91' lang='lat' dir='ltr'>est.</span> 
     </span>
    </p>

    <p class='ocr_par' dir='ltr' id='par_1_3' title="bbox 99 1646 1284 1934">
     <span class='ocr_line' id='line_1_15' title="bbox 142 1646 1283 1738; baseline 0.003 -23"><span class='ocrx_word' id='word_1_127' title='bbox 142 1654 210 1738; x_wconf 81' lang='lat' dir='ltr'>otj.</span> <span class='ocrx_word' id='word_1_128' title='bbox 225 1664 254 1719; x_wconf 84' lang='grc'>7.</span> <span class='ocrx_word' id='word_1_129' title='bbox 278 1646 409 1719; x_wconf 79' lang='lat' dir='ltr'>&#39;indoctis</span> <span class='ocrx_word' id='word_1_130' title='bbox 433 1671 462 1719; x_wconf 90' lang='lat' dir='ltr'>et</span> <span class='ocrx_word' id='word_1_131' title='bbox 483 1660 661 1721; x_wconf 86' lang='lat' dir='ltr'>instabilibus</span> <span class='ocrx_word' id='word_1_132' title='bbox 685 1657 813 1718; x_wconf 88' lang='lat' dir='ltr'>difficilia</span> <span class='ocrx_word' id='word_1_133' title='bbox 832 1668 899 1718; x_wconf 87' lang='lat' dir='ltr'>sunt</span> <span class='ocrx_word' id='word_1_134' title='bbox 922 1660 1050 1733; x_wconf 80' lang='lat' dir='ltr'>quadam</span> <span class='ocrx_word' id='word_1_135' title='bbox 1072 1661 1102 1719; x_wconf 93' lang='lat' dir='ltr'>in</span> <span class='ocrx_word' id='word_1_136' title='bbox 1124 1660 1283 1737; x_wconf 90' lang='lat' dir='ltr'>scripturis,</span> 
     </span>
     <span class='ocr_line' id='line_1_16' title="bbox 100 1752 1284 1837; baseline 0 -23"><span class='ocrx_word' id='word_1_137' title='bbox 100 1752 221 1815; x_wconf 80' lang='lat' dir='ltr'>docente</span> <span class='ocrx_word' id='word_1_138' title='bbox 242 1757 346 1816; x_wconf 87' lang='lat' dir='ltr'>Petro:</span> <span class='ocrx_word' id='word_1_139' title='bbox 368 1757 419 1816; x_wconf 92' lang='lat' dir='ltr'>sed</span> <span class='ocrx_word' id='word_1_140' title='bbox 441 1759 594 1835; x_wconf 89' lang='lat' dir='ltr'>spiritualis</span> <span class='ocrx_word' id='word_1_141' title='bbox 620 1758 708 1817; x_wconf 89' lang='lat' dir='ltr'>homo</span> <span class='ocrx_word' id='word_1_142' title='bbox 723 1756 834 1835; x_wconf 87' lang='lat' dir='ltr'>judicat</span> <span class='ocrx_word' id='word_1_143' title='bbox 846 1757 952 1826; x_wconf 88' lang='lat' dir='ltr'>omnia,</span> <span class='ocrx_word' id='word_1_144' title='bbox 966 1772 995 1816; x_wconf 94' lang='lat' dir='ltr'>et</span> <span class='ocrx_word' id='word_1_145' title='bbox 1008 1758 1089 1817; x_wconf 83' lang='lat' dir='ltr'>facile</span> <span class='ocrx_word' id='word_1_146' title='bbox 1103 1759 1207 1837; x_wconf 88' lang='lat' dir='ltr'>reperit</span> <span class='ocrx_word' id='word_1_147' title='bbox 1221 1775 1284 1831; x_wconf 77' lang='lat' dir='ltr'>que</span> 
     </span>
     <span class='ocr_line' id='line_1_17' title="bbox 99 1852 737 1934; baseline 0.003 -23"><span class='ocrx_word' id='word_1_148' title='bbox 99 1852 135 1911; x_wconf 91' lang='lat' dir='ltr'>ad</span> <span class='ocrx_word' id='word_1_149' title='bbox 148 1854 301 1914; x_wconf 84' lang='lat' dir='ltr'>essentiam</span> <span class='ocrx_word' id='word_1_150' title='bbox 315 1866 345 1915; x_wconf 89' lang='lat' dir='ltr'>et</span> <span class='ocrx_word' id='word_1_151' title='bbox 357 1854 571 1916; x_wconf 83' lang='lat' dir='ltr'>fundamentum</span> <span class='ocrx_word' id='word_1_152' title='bbox 585 1858 737 1934; x_wconf 85' lang='lat' dir='ltr'>pertinent.</span> 
     </span>
    </p>

    <p class='ocr_par' dir='ltr' id='par_1_4' title="bbox 94 1948 1285 2508">
     <span class='ocr_line' id='line_1_18' title="bbox 137 1948 1284 2030; baseline 0.001 -23"><span class='ocrx_word' id='word_1_153' title='bbox 137 1948 227 2028; x_wconf 80' lang='lat' dir='ltr'>Resp.</span> <span class='ocrx_word' id='word_1_154' title='bbox 249 1949 416 2010; x_wconf 89' lang='lat' dir='ltr'>Doctissimi</span> <span class='ocrx_word' id='word_1_155' title='bbox 430 1963 458 2010; x_wconf 92' lang='lat' dir='ltr'>et</span> <span class='ocrx_word' id='word_1_156' title='bbox 482 1952 605 2030; x_wconf 90' lang='lat' dir='ltr'>piissimi</span> <span class='ocrx_word' id='word_1_157' title='bbox 621 1952 672 2011; x_wconf 82' lang='lat' dir='ltr'>viri</span> <span class='ocrx_word' id='word_1_158' title='bbox 687 1953 717 2010; x_wconf 91' lang='lat' dir='ltr'>in</span> <span class='ocrx_word' id='word_1_159' title='bbox 737 1950 866 2029; x_wconf 90' lang='lat' dir='ltr'>epistolis</span> <span class='ocrx_word' id='word_1_160' title='bbox 881 1950 974 2018; x_wconf 89' lang='lat' dir='ltr'>Pauli,</span> <span class='ocrx_word' id='word_1_161' title='bbox 990 1951 1064 2009; x_wconf 87' lang='lat' dir='ltr'>sicut</span> <span class='ocrx_word' id='word_1_162' title='bbox 1083 1960 1112 2008; x_wconf 89' lang='lat' dir='ltr'>et</span> <span class='ocrx_word' id='word_1_163' title='bbox 1131 1951 1284 2008; x_wconf 82' lang='lat' dir='ltr'>incaeteris</span> 
     </span>
     <span class='ocr_line' id='line_1_19' title="bbox 96 2046 1284 2125; baseline -0.003 -20"><span class='ocrx_word' id='word_1_164' title='bbox 96 2046 253 2124; x_wconf 83' lang='lat' dir='ltr'>Scripturis</span> <span class='ocrx_word' id='word_1_165' title='bbox 267 2046 389 2123; x_wconf 90' lang='lat' dir='ltr'>plurima</span> <span class='ocrx_word' id='word_1_166' title='bbox 399 2050 544 2125; x_wconf 91' lang='lat' dir='ltr'>reperiunt</span> <span class='ocrx_word' id='word_1_167' title='bbox 557 2048 684 2107; x_wconf 87' lang='lat' dir='ltr'>difficilia</span> <span class='ocrx_word' id='word_1_168' title='bbox 697 2049 852 2115; x_wconf 90' lang='lat' dir='ltr'>intellectu,</span> <span class='ocrx_word' id='word_1_169' title='bbox 863 2048 947 2106; x_wconf 90' lang='lat' dir='ltr'>etiam</span> <span class='ocrx_word' id='word_1_170' title='bbox 962 2061 1029 2123; x_wconf 91' lang='lat' dir='ltr'>post</span> <span class='ocrx_word' id='word_1_171' title='bbox 1037 2046 1284 2123; x_wconf 82' lang='lat' dir='ltr'>diligentissimam</span> 
     </span>
     <span class='ocr_line' id='line_1_20' title="bbox 94 2141 1285 2220; baseline -0.004 -18"><span class='ocrx_word' id='word_1_172' title='bbox 94 2142 270 2218; x_wconf 87' lang='lat' dir='ltr'>indaginem,</span> <span class='ocrx_word' id='word_1_173' title='bbox 286 2160 442 2220; x_wconf 89' lang='lat' dir='ltr'>precesque</span> <span class='ocrx_word' id='word_1_174' title='bbox 464 2145 584 2203; x_wconf 82' lang='lat' dir='ltr'>enixae:</span> <span class='ocrx_word' id='word_1_175' title='bbox 613 2144 690 2216; x_wconf 89' lang='lat' dir='ltr'>quod</span> <span class='ocrx_word' id='word_1_176' title='bbox 710 2162 747 2203; x_wconf 91' lang='lat' dir='ltr'>ex</span> <span class='ocrx_word' id='word_1_177' title='bbox 768 2144 848 2202; x_wconf 90' lang='lat' dir='ltr'>Petri</span> <span class='ocrx_word' id='word_1_178' title='bbox 862 2145 1026 2203; x_wconf 87' lang='lat' dir='ltr'>testimonio</span> <span class='ocrx_word' id='word_1_179' title='bbox 1039 2143 1199 2219; x_wconf 86' lang='lat' dir='ltr'>colligitur:</span> <span class='ocrx_word' id='word_1_180' title='bbox 1223 2150 1243 2177; x_wconf 79' lang='lat'>‘⁸</span> <span class='ocrx_word' id='word_1_181' title='bbox 1255 2141 1285 2198; x_wconf 86' lang='lat' dir='ltr'>in</span> 
     </span>
     <span class='ocr_line' id='line_1_21' title="bbox 95 2237 1283 2314; baseline 0 -18"><span class='ocrx_word' id='word_1_182' title='bbox 95 2238 201 2314; x_wconf 91' lang='lat' dir='ltr'>quibus</span> <span class='ocrx_word' id='word_1_183' title='bbox 216 2249 283 2297; x_wconf 86' lang='lat' dir='ltr'>aunt</span> <span class='ocrx_word' id='word_1_184' title='bbox 304 2238 434 2313; x_wconf 79' lang='lat' dir='ltr'>quedam</span> <span class='ocrx_word' id='word_1_185' title='bbox 454 2240 582 2299; x_wconf 88' lang='lat' dir='ltr'>difficilia</span> <span class='ocrx_word' id='word_1_186' title='bbox 600 2240 778 2299; x_wconf 89' lang='lat' dir='ltr'>intellectu.’&#39;</span> <span class='ocrx_word' id='word_1_187' title='bbox 820 2242 881 2299; x_wconf 90' lang='lat' dir='ltr'>Piis</span> <span class='ocrx_word' id='word_1_188' title='bbox 904 2245 971 2299; x_wconf 83' lang='lat' dir='ltr'>verb</span> <span class='ocrx_word' id='word_1_189' title='bbox 994 2240 1156 2300; x_wconf 91' lang='lat' dir='ltr'>hominibus</span> <span class='ocrx_word' id='word_1_190' title='bbox 1177 2239 1206 2296; x_wconf 91' lang='lat' dir='ltr'>in</span> <span class='ocrx_word' id='word_1_191' title='bbox 1226 2237 1283 2296; x_wconf 86' lang='lat' dir='ltr'>fids</span> 
     </span>
     <span class='ocr_line' id='line_1_22' title="bbox 95 2334 1283 2421; baseline 0 -27"><span class='ocrx_word' id='word_1_192' title='bbox 95 2335 255 2404; x_wconf 88' lang='lat' dir='ltr'>stabilibus,</span> <span class='ocrx_word' id='word_1_193' title='bbox 264 2337 352 2415; x_wconf 68' lang='lat' dir='ltr'>etrite</span> <span class='ocrx_word' id='word_1_194' title='bbox 364 2334 482 2421; x_wconf 81' lang='lat' dir='ltr'>edoctis,</span> <span class='ocrx_word' id='word_1_195' title='bbox 490 2356 525 2397; x_wconf 88' lang='lat' dir='ltr'>ea</span> <span class='ocrx_word' id='word_1_196' title='bbox 534 2356 591 2397; x_wconf 93' lang='lat' dir='ltr'>non</span> <span class='ocrx_word' id='word_1_197' title='bbox 601 2337 705 2397; x_wconf 91' lang='lat' dir='ltr'>cedunt</span> <span class='ocrx_word' id='word_1_198' title='bbox 716 2339 745 2396; x_wconf 94' lang='lat' dir='ltr'>in</span> <span class='ocrx_word' id='word_1_199' title='bbox 756 2338 909 2405; x_wconf 91' lang='lat' dir='ltr'>interitum,</span> <span class='ocrx_word' id='word_1_200' title='bbox 921 2338 989 2411; x_wconf 90' lang='lat' dir='ltr'>quia</span> <span class='ocrx_word' id='word_1_201' title='bbox 999 2336 1133 2394; x_wconf 77' lang='lat' dir='ltr'>doctrine</span> <span class='ocrx_word' id='word_1_202' title='bbox 1144 2334 1283 2394; x_wconf 79' lang='lat' dir='ltr'>Ecclesiae</span> 
     </span>
     <span class='ocr_line' id='line_1_23' title="bbox 94 2431 1283 2508; baseline 0 -17"><span class='ocrx_word' id='word_1_203' title='bbox 94 2431 250 2501; x_wconf 81' lang='lat' dir='ltr'>adherent,</span> <span class='ocrx_word' id='word_1_204' title='bbox 275 2431 404 2507; x_wconf 88' lang='lat' dir='ltr'>nihilque</span> <span class='ocrx_word' id='word_1_205' title='bbox 426 2444 531 2493; x_wconf 90' lang='lat' dir='ltr'>temere</span> <span class='ocrx_word' id='word_1_206' title='bbox 554 2434 589 2493; x_wconf 94' lang='lat' dir='ltr'>de</span> <span class='ocrx_word' id='word_1_207' title='bbox 610 2435 681 2493; x_wconf 91' lang='lat' dir='ltr'>locis</span> <span class='ocrx_word' id='word_1_208' title='bbox 703 2436 759 2493; x_wconf 87' lang='lat' dir='ltr'>illis</span> <span class='ocrx_word' id='word_1_209' title='bbox 779 2434 941 2493; x_wconf 88' lang='lat' dir='ltr'>difficilibus</span> <span class='ocrx_word' id='word_1_210' title='bbox 956 2431 1094 2508; x_wconf 88' lang='lat' dir='ltr'>judicant,</span> <span class='ocrx_word' id='word_1_211' title='bbox 1109 2431 1161 2489; x_wconf 88' lang='lat' dir='ltr'>sed</span> <span class='ocrx_word' id='word_1_212' title='bbox 1179 2450 1232 2491; x_wconf 91' lang='lat' dir='ltr'>sua</span> <span class='ocrx_word' id='word_1_213' title='bbox 1251 2432 1283 2491; x_wconf 92' lang='lat' dir='ltr'>in</span> 
     </span>
    </p>
   </div>
   <div class='ocr_carea' id='block_1_3' title="bbox 88 2526 1283 2992">
    <p class='ocr_par' dir='ltr' id='par_1_5' title="bbox 88 2526 1283 2992">
     <span class='ocr_line' id='line_1_24' title="bbox 88 2526 1283 2617; baseline -0.002 -28"><span class='ocrx_word' id='word_1_214' title='bbox 88 2530 229 2617; x_wconf 37' lang='lat' dir='ltr'>‚omnibus</span> <span class='ocrx_word' id='word_1_215' title='bbox 243 2548 328 2588; x_wconf 89' lang='lat' dir='ltr'>sensa</span> <span class='ocrx_word' id='word_1_216' title='bbox 341 2549 475 2607; x_wconf 89' lang='lat' dir='ltr'>supremo</span> <span class='ocrx_word' id='word_1_217' title='bbox 490 2530 632 2591; x_wconf 78' lang='lat' dir='ltr'>Ecclesiae</span> <span class='ocrx_word' id='word_1_218' title='bbox 648 2531 759 2608; x_wconf 88' lang='lat' dir='ltr'>jndicio</span> <span class='ocrx_word' id='word_1_219' title='bbox 773 2526 948 2589; x_wconf 86' lang='lat' dir='ltr'>submittunt.</span> <span class='ocrx_word' id='word_1_220' title='bbox 991 2526 1095 2585; x_wconf 74' lang='lat' dir='ltr'>Ceteri</span> <span class='ocrx_word' id='word_1_221' title='bbox 1118 2526 1185 2587; x_wconf 84' lang='lat' dir='ltr'>ndei</span> <span class='ocrx_word' id='word_1_222' title='bbox 1207 2528 1283 2606; x_wconf 90' lang='lat' dir='ltr'>prin·</span> 
     </span>
     <span class='ocr_line' id='line_1_25' title="bbox 93 2610 1280 2706; baseline -0.003 -19"><span class='ocrx_word' id='word_1_223' title='bbox 93 2628 178 2706; x_wconf 90' lang='lat' dir='ltr'>cipiis</span> <span class='ocrx_word' id='word_1_224' title='bbox 190 2628 265 2687; x_wconf 93' lang='lat' dir='ltr'>haud</span> <span class='ocrx_word' id='word_1_225' title='bbox 278 2610 389 2697; x_wconf 90' lang='lat' dir='ltr'>imbuti,</span> <span class='ocrx_word' id='word_1_226' title='bbox 405 2630 450 2688; x_wconf 86' lang='lat' dir='ltr'>vel</span> <span class='ocrx_word' id='word_1_227' title='bbox 463 2629 559 2689; x_wconf 89' lang='lat' dir='ltr'>animo</span> <span class='ocrx_word' id='word_1_228' title='bbox 570 2630 743 2701; x_wconf 86' lang='lat' dir='ltr'>vacillantes,</span> <span class='ocrx_word' id='word_1_229' title='bbox 752 2649 789 2687; x_wconf 81' lang='lat' dir='ltr'>ex</span> <span class='ocrx_word' id='word_1_230' title='bbox 800 2628 856 2686; x_wconf 91' lang='lat' dir='ltr'>illis</span> <span class='ocrx_word' id='word_1_231' title='bbox 867 2626 939 2684; x_wconf 88' lang='lat' dir='ltr'>locis</span> <span class='ocrx_word' id='word_1_232' title='bbox 950 2625 1032 2683; x_wconf 80' lang='lat' dir='ltr'>facile</span> <span class='ocrx_word' id='word_1_233' title='bbox 1046 2636 1163 2684; x_wconf 89' lang='lat' dir='ltr'>sumunt</span> <span class='ocrx_word' id='word_1_234' title='bbox 1175 2626 1280 2685; x_wconf 86' lang='lat' dir='ltr'>erroris</span> 
     </span>
     <span class='ocr_line' id='line_1_26' title="bbox 97 2715 1281 2803; baseline -0.007 -21"><span class='ocrx_word' id='word_1_235' title='bbox 97 2734 128 2782; x_wconf 89' lang='lat' dir='ltr'>et</span> <span class='ocrx_word' id='word_1_236' title='bbox 153 2724 240 2783; x_wconf 80' lang='lat' dir='ltr'>ruine</span> <span class='ocrx_word' id='word_1_237' title='bbox 261 2726 460 2784; x_wconf 82' lang='lat' dir='ltr'>occasionem:</span> <span class='ocrx_word' id='word_1_238' title='bbox 501 2722 575 2786; x_wconf 62' lang='lat' dir='ltr'>iucif</span> <span class='ocrx_word' id='word_1_239' title='bbox 594 2741 647 2779; x_wconf 72' lang='lat' dir='ltr'>scer</span> <span class='ocrx_word' id='word_1_240' title='bbox 667 2724 864 2803; x_wconf 53' lang='lat' dir='ltr'>notescam,</span> <span class='ocrx_word' id='word_1_241' title='bbox 888 2717 943 2771; x_wconf 72' lang='lat' dir='ltr'>fiir</span> <span class='ocrx_word' id='word_1_242' title='bbox 961 2719 1059 2785; x_wconf 59' lang='grc' dir='ltr'>ἀμαθεῖς</span> <span class='ocrx_word' id='word_1_243' title='bbox 1076 2718 1119 2773; x_wconf 72' lang='lat' dir='ltr'>ml</span> <span class='ocrx_word' id='word_1_244' title='bbox 1138 2715 1281 2788; x_wconf 66' lang='grc' dir='ltr'>αστῂρικτα</span> 
     </span>
     <span class='ocr_line' id='line_1_27' title="bbox 92 2816 1281 2899; baseline 0 -22"><span class='ocrx_word' id='word_1_245' title='bbox 92 2820 290 2891; x_wconf 44' lang='lat' dir='ltr'>mmmmm*</span> <span class='ocrx_word' id='word_1_246' title='bbox 321 2823 482 2899; x_wconf 76' lang='lat' dir='ltr'>spiritualis</span> <span class='ocrx_word' id='word_1_247' title='bbox 491 2838 588 2881; x_wconf 89' lang='lat' dir='ltr'>autum</span> <span class='ocrx_word' id='word_1_248' title='bbox 601 2824 689 2881; x_wconf 90' lang='lat' dir='ltr'>homo</span> <span class='ocrx_word' id='word_1_249' title='bbox 703 2820 799 2879; x_wconf 91' lang='lat' dir='ltr'>omnia</span> <span class='ocrx_word' id='word_1_250' title='bbox 815 2817 942 2895; x_wconf 83' lang='lat' dir='ltr'>judicare</span> <span class='ocrx_word' id='word_1_251' title='bbox 956 2816 1068 2882; x_wconf 91' lang='lat' dir='ltr'>dicitnr,</span> <span class='ocrx_word' id='word_1_252' title='bbox 1084 2816 1160 2889; x_wconf 93' lang='lat' dir='ltr'>quod</span> <span class='ocrx_word' id='word_1_253' title='bbox 1181 2816 1237 2876; x_wconf 88' lang='lat' dir='ltr'>fide</span> <span class='ocrx_word' id='word_1_254' title='bbox 1251 2828 1281 2877; x_wconf 88' lang='lat' dir='ltr'>et</span> 
     </span>
     <span class='ocr_line' id='line_1_28' title="bbox 96 2911 1279 2992; baseline -0.002 -18"><span class='ocrx_word' id='word_1_255' title='bbox 96 2917 187 2992; x_wconf 55' lang='lat' dir='ltr'>vatia</span> <span class='ocrx_word' id='word_1_256' title='bbox 205 2917 359 2985; x_wconf 86' lang='lat' dir='ltr'>illustratus</span> <span class='ocrx_word' id='word_1_257' title='bbox 380 2930 409 2978; x_wconf 91' lang='lat' dir='ltr'>et</span> <span class='ocrx_word' id='word_1_258' title='bbox 428 2921 564 2988; x_wconf 91' lang='lat' dir='ltr'>munitus,</span> <span class='ocrx_word' id='word_1_259' title='bbox 580 2919 702 2977; x_wconf 69' lang='lat' dir='ltr'>caelestia</span> <span class='ocrx_word' id='word_1_260' title='bbox 722 2913 936 2989; x_wconf 88' lang='lat' dir='ltr'>contemplatur,</span> <span class='ocrx_word' id='word_1_261' title='bbox 951 2924 977 2969; x_wconf 92' lang='lat' dir='ltr'>et</span> <span class='ocrx_word' id='word_1_262' title='bbox 992 2911 1027 2970; x_wconf 92' lang='lat' dir='ltr'>de</span> <span class='ocrx_word' id='word_1_263' title='bbox 1042 2914 1126 2970; x_wconf 90' lang='lat' dir='ltr'>rebus</span> <span class='ocrx_word' id='word_1_264' title='bbox 1146 2914 1279 2973; x_wconf 90' lang='lat' dir='ltr'>omnibus</span> 
     </span>
    </p>
   </div>
   <div class='ocr_carea' id='block_1_4' title="bbox 90 3010 1281 3665">
    <p class='ocr_par' dir='ltr' id='par_1_6' title="bbox 90 3010 1281 3665">
     <span class='ocr_line' id='line_1_29' title="bbox 95 3010 1281 3090; baseline 0 -19"><span class='ocrx_word' id='word_1_265' title='bbox 95 3015 214 3072; x_wconf 86' lang='lat' dir='ltr'>terrenis</span> <span class='ocrx_word' id='word_1_266' title='bbox 217 3026 373 3090; x_wconf 91' lang='lat' dir='ltr'>q‚natenus</span> <span class='ocrx_word' id='word_1_267' title='bbox 385 3016 551 3075; x_wconf 89' lang='lat' dir='ltr'>adsalutem</span> <span class='ocrx_word' id='word_1_268' title='bbox 565 3016 730 3078; x_wconf 81' lang='lat' dir='ltr'>reseruntur,</span> <span class='ocrx_word' id='word_1_269' title='bbox 745 3011 787 3067; x_wconf 88' lang='lat' dir='ltr'>sic</span> <span class='ocrx_word' id='word_1_270' title='bbox 799 3010 894 3074; x_wconf 89' lang='lat' dir='ltr'>sentit,</span> <span class='ocrx_word' id='word_1_271' title='bbox 906 3020 937 3067; x_wconf 93' lang='lat' dir='ltr'>ut</span> <span class='ocrx_word' id='word_1_272' title='bbox 945 3010 1042 3067; x_wconf 89' lang='lat' dir='ltr'>omnia</span> <span class='ocrx_word' id='word_1_273' title='bbox 1054 3010 1082 3069; x_wconf 92' lang='lat' dir='ltr'>in</span> <span class='ocrx_word' id='word_1_274' title='bbox 1094 3010 1150 3069; x_wconf 92' lang='lat' dir='ltr'>Dei</span> <span class='ocrx_word' id='word_1_275' title='bbox 1161 3011 1281 3089; x_wconf 87' lang='lat' dir='ltr'>gloriam</span> 
     </span>
     <span class='ocr_line' id='line_1_30' title="bbox 92 3108 1278 3227; baseline 0 -61"><span class='ocrx_word' id='word_1_276' title='bbox 92 3108 214 3169; x_wconf 86' lang='lat' dir='ltr'>cedant:</span> <span class='ocrx_word' id='word_1_277' title='bbox 237 3113 366 3207; x_wconf 87' lang='lat' dir='ltr'>animalis</span> <span class='ocrx_word' id='word_1_278' title='bbox 380 3124 474 3193; x_wconf 84' lang='lat' dir='ltr'>autem</span> <span class='ocrx_word' id='word_1_279' title='bbox 488 3113 523 3171; x_wconf 92' lang='lat' dir='ltr'>de</span> <span class='ocrx_word' id='word_1_280' title='bbox 545 3111 702 3171; x_wconf 78' lang='lat' dir='ltr'>celestibus</span> <span class='ocrx_word' id='word_1_281' title='bbox 722 3125 870 3193; x_wconf 82' lang='lat' dir='ltr'>perperam</span> <span class='ocrx_word' id='word_1_282' title='bbox 889 3109 984 3177; x_wconf 90' lang='lat' dir='ltr'>sentit,</span> <span class='ocrx_word' id='word_1_283' title='bbox 999 3110 1060 3167; x_wconf 86' lang='lat' dir='ltr'>suis</span> <span class='ocrx_word' id='word_1_284' title='bbox 1078 3108 1278 3227; x_wconf 87' lang='lat' dir='ltr'>cupiditatibus</span> 
     </span>
     <span class='ocr_line' id='line_1_31' title="bbox 91 3207 280 3284; baseline 0.022 -21"><span class='ocrx_word' id='word_1_285' title='bbox 91 3207 280 3284; x_wconf 87' lang='lat' dir='ltr'>mancipatus.</span> 
     </span>
     <span class='ocr_line' id='line_1_32' title="bbox 136 3300 1275 3381; baseline -0.003 -18"><span class='ocrx_word' id='word_1_286' title='bbox 136 3300 203 3381; x_wconf 84' lang='lat' dir='ltr'>Obj.</span> <span class='ocrx_word' id='word_1_287' title='bbox 218 3309 247 3364; x_wconf 85' lang='lat'>8.</span> <span class='ocrx_word' id='word_1_288' title='bbox 270 3305 374 3365; x_wconf 89' lang='lat' dir='ltr'>Omnia</span> <span class='ocrx_word' id='word_1_289' title='bbox 388 3325 450 3380; x_wconf 89' lang='lat' dir='ltr'>quae</span> <span class='ocrx_word' id='word_1_290' title='bbox 465 3304 498 3364; x_wconf 90' lang='lat' dir='ltr'>ad</span> <span class='ocrx_word' id='word_1_291' title='bbox 521 3306 639 3363; x_wconf 86' lang='lat' dir='ltr'>salutern</span> <span class='ocrx_word' id='word_1_292' title='bbox 654 3302 725 3359; x_wconf 91' lang='lat' dir='ltr'>scitu</span> <span class='ocrx_word' id='word_1_293' title='bbox 741 3301 901 3360; x_wconf 87' lang='lat' dir='ltr'>necessaria</span> <span class='ocrx_word' id='word_1_294' title='bbox 914 3308 991 3368; x_wconf 85' lang='lat' dir='ltr'>sont,</span> <span class='ocrx_word' id='word_1_295' title='bbox 1005 3300 1088 3358; x_wconf 82' lang='lat' dir='ltr'>facile</span> <span class='ocrx_word' id='word_1_296' title='bbox 1105 3308 1225 3375; x_wconf 89' lang='lat' dir='ltr'>possunt</span> <span class='ocrx_word' id='word_1_297' title='bbox 1238 3317 1275 3360; x_wconf 87' lang='lat' dir='ltr'>ex</span> 
     </span>
     <span class='ocr_line' id='line_1_33' title="bbox 91 3388 1276 3476; baseline -0.002 -21"><span class='ocrx_word' id='word_1_298' title='bbox 91 3388 303 3476; x_wconf 72' lang='lat' dir='ltr'>Scriptuiarurn</span> <span class='ocrx_word' id='word_1_299' title='bbox 315 3402 436 3460; x_wconf 91' lang='lat' dir='ltr'>lectione</span> <span class='ocrx_word' id='word_1_300' title='bbox 450 3400 576 3458; x_wconf 88' lang='lat' dir='ltr'>addisci:</span> <span class='ocrx_word' id='word_1_301' title='bbox 599 3398 660 3455; x_wconf 86' lang='lat' dir='ltr'>haec</span> <span class='ocrx_word' id='word_1_302' title='bbox 673 3397 773 3455; x_wconf 85' lang='lat' dir='ltr'>enim‘</span> <span class='ocrx_word' id='word_1_303' title='bbox 778 3406 917 3473; x_wconf 85' lang='lat' dir='ltr'>‘possunt</span> <span class='ocrx_word' id='word_1_304' title='bbox 926 3396 1063 3454; x_wconf 89' lang='lat' dir='ltr'>instruere</span> <span class='ocrx_word' id='word_1_305' title='bbox 1074 3393 1111 3451; x_wconf 91' lang='lat' dir='ltr'>ad</span> <span class='ocrx_word' id='word_1_306' title='bbox 1123 3393 1276 3453; x_wconf 60' lang='lat' dir='ltr'>salutemss&#39;</span> 
     </span>
     <span class='ocr_line' id='line_1_34' title="bbox 132 3487 1275 3574; baseline -0.004 -21"><span class='ocrx_word' id='word_1_307' title='bbox 132 3492 222 3574; x_wconf 76' lang='lat' dir='ltr'>Recp</span> <span class='ocrx_word' id='word_1_308' title='bbox 243 3495 369 3556; x_wconf 91' lang='lat' dir='ltr'>Possunt</span> <span class='ocrx_word' id='word_1_309' title='bbox 378 3495 510 3570; x_wconf 79' lang='lat' dir='ltr'>equidem</span> <span class='ocrx_word' id='word_1_310' title='bbox 525 3494 696 3569; x_wconf 83' lang='lat' dir='ltr'>Scripturae‘</span> <span class='ocrx_word' id='word_1_311' title='bbox 700 3493 854 3549; x_wconf 85' lang='lat' dir='ltr'>‘instruere</span> <span class='ocrx_word' id='word_1_312' title='bbox 869 3489 903 3549; x_wconf 89' lang='lat' dir='ltr'>ad</span> <span class='ocrx_word' id='word_1_313' title='bbox 918 3492 1036 3550; x_wconf 90' lang='lat' dir='ltr'>salutem</span> <span class='ocrx_word' id='word_1_314' title='bbox 1047 3508 1098 3565; x_wconf 89' lang='lat' dir='ltr'>per</span> <span class='ocrx_word' id='word_1_315' title='bbox 1111 3487 1196 3546; x_wconf 86' lang='lat' dir='ltr'>fidem</span> <span class='ocrx_word' id='word_1_316' title='bbox 1211 3507 1275 3563; x_wconf 84' lang='lat' dir='ltr'>quar</span> 
     </span>
     <span class='ocr_line' id='line_1_35' title="bbox 90 3584 1275 3665; baseline -0.004 -14"><span class='ocrx_word' id='word_1_317' title='bbox 90 3600 138 3651; x_wconf 86' lang='lat' dir='ltr'>est</span> <span class='ocrx_word' id='word_1_318' title='bbox 150 3592 181 3651; x_wconf 94' lang='lat' dir='ltr'>in</span> <span class='ocrx_word' id='word_1_319' title='bbox 195 3591 312 3652; x_wconf 79' lang='lat' dir='ltr'>Christo</span> <span class='ocrx_word' id='word_1_320' title='bbox 324 3591 416 3651; x_wconf 65' lang='lat' dir='ltr'>lesu!</span> <span class='ocrx_word' id='word_1_321' title='bbox 420 3592 442 3626; x_wconf 76' lang='lat'>’²</span> <span class='ocrx_word' id='word_1_322' title='bbox 482 3589 602 3649; x_wconf 89' lang='grc' dir='ltr'>Ηοιιιο</span> <span class='ocrx_word' id='word_1_323' title='bbox 594 3589 681 3665; x_wconf 81' lang='lat' dir='ltr'>agitur-</span> <span class='ocrx_word' id='word_1_324' title='bbox 694 3589 756 3664; x_wconf 88' lang='lat' dir='ltr'>jam</span> <span class='ocrx_word' id='word_1_325' title='bbox 776 3588 918 3645; x_wconf 90' lang='lat' dir='ltr'>institutus</span> <span class='ocrx_word' id='word_1_326' title='bbox 939 3606 955 3644; x_wconf 91' lang='lat' dir='ltr'>a</span> <span class='ocrx_word' id='word_1_327' title='bbox 975 3585 1145 3662; x_wconf 90' lang='lat' dir='ltr'>pastoribus,</span> <span class='ocrx_word' id='word_1_328' title='bbox 1160 3584 1216 3645; x_wconf 89' lang='lat' dir='ltr'>fide</span> <span class='ocrx_word' id='word_1_329' title='bbox 1237 3604 1275 3647; x_wconf 81' lang='lat' dir='ltr'>cx</span> 
     </span>
    </p>
   </div>
   <div class='ocr_carea' id='block_1_5' title="bbox 87 3680 1274 3890">
    <p class='ocr_par' dir='ltr' id='par_1_7' title="bbox 87 3680 1274 3858">
     <span class='ocr_line' id='line_1_36' title="bbox 88 3680 1274 3765; baseline -0.004 -20"><span class='ocrx_word' id='word_1_330' title='bbox 88 3686 188 3745; x_wconf 90' lang='lat' dir='ltr'>auditu</span> <span class='ocrx_word' id='word_1_331' title='bbox 198 3697 344 3765; x_wconf 91' lang='lat' dir='ltr'>concepta,</span> <span class='ocrx_word' id='word_1_332' title='bbox 356 3704 458 3764; x_wconf 86' lang='lat' dir='ltr'>magno</span> <span class='ocrx_word' id='word_1_333' title='bbox 469 3704 533 3743; x_wconf 91' lang='lat' dir='ltr'>cum</span> <span class='ocrx_word' id='word_1_334' title='bbox 545 3685 636 3742; x_wconf 82' lang='lat' dir='ltr'>fructu</span> <span class='ocrx_word' id='word_1_335' title='bbox 649 3685 718 3760; x_wconf 85' lang='lat' dir='ltr'>legit</span> <span class='ocrx_word' id='word_1_336' title='bbox 728 3683 898 3759; x_wconf 81' lang='lat' dir='ltr'>Scripturas,</span> <span class='ocrx_word' id='word_1_337' title='bbox 907 3700 955 3739; x_wconf 87' lang='lat' dir='ltr'>eas</span> <span class='ocrx_word' id='word_1_338' title='bbox 965 3682 1049 3758; x_wconf 80' lang='lat' dir='ltr'>Juxta</span> <span class='ocrx_word' id='word_1_339' title='bbox 1056 3680 1123 3738; x_wconf 89' lang='lat' dir='ltr'>fider</span> <span class='ocrx_word' id='word_1_340' title='bbox 1135 3680 1274 3759; x_wconf 91' lang='lat' dir='ltr'>principia</span> 
     </span>
     <span class='ocr_line' id='line_1_37' title="bbox 87 3773 1272 3890; baseline -0.01 -46"><span class='ocrx_word' id='word_1_341' title='bbox 87 3785 286 3890; x_wconf 75' lang='lat' dir='ltr'>interpretans.</span> <span class='ocrx_word' id='word_1_342' title='bbox 328 3780 360 3837; x_wconf 83' lang='lat' dir='ltr'>si</span> <span class='ocrx_word' id='word_1_343' title='bbox 374 3778 435 3836; x_wconf 78' lang='lat' dir='ltr'>hec</span> <span class='ocrx_word' id='word_1_344' title='bbox 449 3777 521 3836; x_wconf 91' lang='lat' dir='ltr'>desit</span> <span class='ocrx_word' id='word_1_345' title='bbox 526 3776 657 3883; x_wconf 29' lang='lat' dir='ltr'>&#39;regula‘</span> <span class='ocrx_word' id='word_1_346' title='bbox 656 3794 737 3877; x_wconf 87' lang='lat' dir='ltr'>mens</span> <span class='ocrx_word' id='word_1_347' title='bbox 754 3775 873 3834; x_wconf 71' lang='lat' dir='ltr'>haerebit</span> <span class='ocrx_word' id='word_1_348' title='bbox 886 3774 980 3842; x_wconf 86' lang='lat' dir='ltr'>anaia,</span> <span class='ocrx_word' id='word_1_349' title='bbox 995 3785 1025 3832; x_wconf 93' lang='lat' dir='ltr'>et</span> <span class='ocrx_word' id='word_1_350' title='bbox 1037 3773 1123 3830; x_wconf 86' lang='lat' dir='ltr'>variis</span> <span class='ocrx_word' id='word_1_351' title='bbox 1133 3775 1272 3833; x_wconf 89' lang='lat' dir='ltr'>erroribus</span> 
     </span>
    </p>
   </div>
   <div class='ocr_carea' id='block_1_6' title="bbox 83 3911 1271 4340">
    <p class='ocr_par' dir='ltr' id='par_1_8' title="bbox 83 3911 1271 4340">
     <span class='ocr_line' id='line_1_38' title="bbox 87 3911 1271 4049; baseline -0.007 -18"><span class='ocrx_word' id='word_1_352' title='bbox 87 3972 269 4031; x_wconf 84' lang='lat' dir='ltr'>sanctissima</span> <span class='ocrx_word' id='word_1_353' title='bbox 289 3971 426 4049; x_wconf 88' lang='lat' dir='ltr'>mysteria</span> <span class='ocrx_word' id='word_1_354' title='bbox 446 3968 482 4031; x_wconf 83' lang='lat' dir='ltr'>dc</span> <span class='ocrx_word' id='word_1_355' title='bbox 500 3967 565 4027; x_wconf 87' lang='lat' dir='ltr'>Dec</span> <span class='ocrx_word' id='word_1_356' title='bbox 587 3970 730 4027; x_wconf 89' lang='lat' dir='ltr'>incarnato</span> <span class='ocrx_word' id='word_1_357' title='bbox 751 3979 780 4026; x_wconf 91' lang='lat' dir='ltr'>et</span> <span class='ocrx_word' id='word_1_358' title='bbox 802 3977 913 4027; x_wconf 91' lang='lat' dir='ltr'>mortuo</span> <span class='ocrx_word' id='word_1_359' title='bbox 937 3966 1074 4025; x_wconf 87' lang='lat' dir='ltr'>maximas</span> <span class='ocrx_word' id='word_1_360' title='bbox 1094 3911 1271 4025; x_wconf 88' lang='lat' dir='ltr'>difficultates</span> 
     </span>
     <span class='ocr_line' id='line_1_39' title="bbox 86 4062 1271 4146; baseline -0.008 -17"><span class='ocrx_word' id='word_1_361' title='bbox 86 4069 236 4146; x_wconf 87' lang='lat' dir='ltr'>objiciunt,</span> <span class='ocrx_word' id='word_1_362' title='bbox 252 4079 293 4126; x_wconf 90' lang='lat' dir='ltr'>tct</span> <span class='ocrx_word' id='word_1_363' title='bbox 306 4069 377 4126; x_wconf 86' lang='lat' dir='ltr'>inter</span> <span class='ocrx_word' id='word_1_364' title='bbox 388 4085 419 4125; x_wconf 90' lang='lat' dir='ltr'>se</span> <span class='ocrx_word' id='word_1_365' title='bbox 434 4066 529 4144; x_wconf 90' lang='lat' dir='ltr'>specie</span> <span class='ocrx_word' id='word_1_366' title='bbox 544 4064 740 4125; x_wconf 87' lang='lat' dir='ltr'>collidentibus</span> <span class='ocrx_word' id='word_1_367' title='bbox 752 4063 932 4131; x_wconf 89' lang='lat' dir='ltr'>testimoniis,</span> <span class='ocrx_word' id='word_1_368' title='bbox 944 4072 973 4120; x_wconf 92' lang='lat' dir='ltr'>et</span> <span class='ocrx_word' id='word_1_369' title='bbox 985 4062 1090 4120; x_wconf 88' lang='lat' dir='ltr'>rebus</span> <span class='ocrx_word' id='word_1_370' title='bbox 1082 4062 1153 4140; x_wconf 89' lang='lat' dir='ltr'>rpsis</span> <span class='ocrx_word' id='word_1_371' title='bbox 1167 4062 1271 4141; x_wconf 86' lang='lat' dir='ltr'>cogita·</span> 
     </span>
     <span class='ocr_line' id='line_1_40' title="bbox 84 4158 1268 4242; baseline -0.006 -17"><span class='ocrx_word' id='word_1_372' title='bbox 84 4169 130 4225; x_wconf 86' lang='lat' dir='ltr'>tui</span> <span class='ocrx_word' id='word_1_373' title='bbox 143 4176 172 4225; x_wconf 87' lang='lat' dir='ltr'>et</span> <span class='ocrx_word' id='word_1_374' title='bbox 184 4166 282 4225; x_wconf 90' lang='lat' dir='ltr'>sensui</span> <span class='ocrx_word' id='word_1_375' title='bbox 293 4160 419 4224; x_wconf 86' lang='lat' dir='ltr'>bominis</span> <span class='ocrx_word' id='word_1_376' title='bbox 433 4164 516 4242; x_wconf 86' lang='lat' dir='ltr'>plane</span> <span class='ocrx_word' id='word_1_377' title='bbox 530 4161 666 4222; x_wconf 87' lang='lat' dir='ltr'>adversis.</span> <span class='ocrx_word' id='word_1_378' title='bbox 709 4162 765 4230; x_wconf 84' lang='lat' dir='ltr'>Qui</span> <span class='ocrx_word' id='word_1_379' title='bbox 780 4182 817 4220; x_wconf 88' lang='lat' dir='ltr'>ex</span> <span class='ocrx_word' id='word_1_380' title='bbox 838 4162 1048 4237; x_wconf 86' lang='lat' dir='ltr'>Scripturarum</span> <span class='ocrx_word' id='word_1_381' title='bbox 1060 4162 1192 4219; x_wconf 89' lang='lat' dir='ltr'>examine</span> <span class='ocrx_word' id='word_1_382' title='bbox 1206 4158 1268 4225; x_wconf 78' lang='lat' dir='ltr'>berc</span> 
     </span>
     <span class='ocr_line' id='line_1_41' title="bbox 83 4250 1267 4340; baseline -0.008 -16"><span class='ocrx_word' id='word_1_383' title='bbox 83 4262 197 4338; x_wconf 71' lang='lat' dir='ltr'>aliaque</span> <span class='ocrx_word' id='word_1_384' title='bbox 213 4262 347 4340; x_wconf 88' lang='lat' dir='ltr'>mysteria</span> <span class='ocrx_word' id='word_1_385' title='bbox 360 4280 392 4320; x_wconf 88' lang='lat' dir='ltr'>se</span> <span class='ocrx_word' id='word_1_386' title='bbox 412 4271 506 4320; x_wconf 75' lang='lat' dir='ltr'>muare</span> <span class='ocrx_word' id='word_1_387' title='bbox 525 4259 703 4338; x_wconf 88' lang='lat' dir='ltr'>profitentur,</span> <span class='ocrx_word' id='word_1_388' title='bbox 718 4259 885 4336; x_wconf 90' lang='lat' dir='ltr'>plerumque</span> <span class='ocrx_word' id='word_1_389' title='bbox 904 4256 1107 4318; x_wconf 87' lang='lat' dir='ltr'>dubitationem</span> <span class='ocrx_word' id='word_1_390' title='bbox 1127 4250 1267 4332; x_wconf 85' lang='lat' dir='ltr'>quandam</span> 
     </span>
    </p>
   </div>
   <div class='ocr_carea' id='block_1_7' title="bbox 509 4468 788 4617">
    <p class='ocr_par' dir='ltr' id='par_1_9' title="bbox 509 4468 788 4617">
     <span class='ocr_line' id='line_1_42' title="bbox 509 4468 751 4533; baseline -0.008 -13"><span class='ocrx_word' id='word_1_391' title='bbox 509 4468 751 4533; x_wconf 62' lang='lat' dir='ltr'>mnmmm</span> 
     </span>
     <span class='ocr_line' id='line_1_43' title="bbox 509 4552 788 4617; baseline -0.011 -14"><span class='ocrx_word' id='word_1_392' title='bbox 509 4552 788 4617; x_wconf 55' lang='lat' dir='ltr'>mamam.</span> 
     </span>
    </p>
   </div>
   <div class='ocr_carea' id='block_1_8' title="bbox 0 0 1374 5032">
    <p class='ocr_par' dir='ltr' id='par_1_10' title="bbox 0 0 1374 5032">
     <span class='ocr_line' id='line_1_44' title="bbox 0 0 1374 5032; baseline 0 4"><span class='ocrx_word' id='word_1_393' title='bbox 0 0 1374 5032; x_wconf 95' lang='lat' dir='ltr'> </span> 
     </span>
    </p>
   </div>
  </div>
 </body>
</html>
