2738 5032
98 214 153 271 lbi
231 242 234 247 ·
386 230 393 248 ⁸
495 216 549 275 DE
572 214 679 277 SEDE
703 215 887 276 Romans.

95 382 239 443 tamqnam
249 370 359 448 judicio
370 391 483 432 summo
493 392 608 432 omnem
620 376 840 434 controversiam
851 375 1011 443 dirimente,
1023 374 1162 434 scribebat
1171 372 1283 450 quippe

94 477 193 527 contra
212 468 360 528 hereticos
374 471 423 544 qni
444 490 506 530 enm
527 491 584 530 non
601 472 683 531 facile
700 474 847 550 excepturi
864 485 952 541 erant,
964 472 1122 533 traditionis
1140 471 1201 528 vim
1216 469 1284 537 inde

94 563 228 632 ostendit,
244 566 319 639 quod
339 585 427 639 quum
449 569 479 627 in
499 568 574 627 Sede
595 568 724 628 Romana
741 570 906 647 Apostolica
924 570 1069 633 successio
1088 568 1173 646 plane
1196 565 1284 625 inerit

93 672 214 727 serrata,
229 672 257 719 et
276 681 364 735 quum
381 682 480 722 omnes
498 684 549 741 per
568 666 666 727 orbem
683 665 782 725 fideles
801 667 1010 725 consentientes
1024 666 1152 732 haberet,
1172 664 1280 740 quippe

94 754 129 813 ad
143 775 229 829 quam
242 776 342 815 omnes
356 771 471 836 propter
480 761 615 820 eximium
629 773 795 838 potestatem
809 761 865 820 fide
879 761 1022 828 accedere,
1034 771 1063 821 et
1075 760 1280 818 communione

94 855 230 932 conjungi
248 875 364 915 necesse
381 858 547 925 habuerunt,
562 878 596 916 ea
616 877 701 931 quem
719 859 852 936 predicat
871 859 980 918 traditio
999 859 1191 917 certissimum
1210 876 1280 934 pre·

95 953 155 1013 buit
178 954 346 1014 universalis
369 955 526 1015 traditionis
551 958 586 1015 ab
610 957 756 1034 Apostolis
781 957 912 1019 derivare
940 966 1146 1032 argumentum.
1191 956 1281 1033 Igitur

94 1051 201 1130 duplici
215 1054 322 1112 ratione
336 1073 395 1113 rem
409 1055 524 1113 conficit
538 1055 653 1113 illustris
675 1056 724 1113 ille
736 1057 866 1134 scriptor,
880 1056 1092 1133 Episcopomm
1106 1054 1141 1112 ab
1156 1057 1280 1132 Aposto-

93 1149 130 1208 lis
143 1151 284 1209 serienon
297 1152 462 1229 interrupta,
475 1163 505 1210 et
516 1152 650 1211 concordi
664 1171 716 1229 per
731 1154 830 1212 orbem
844 1153 1038 1212 Ecclesiamm
1052 1171 1118 1209 cnm
1135 1151 1279 1219 Romana,

93 1247 283 1306 membrorum
298 1266 364 1307 cum
378 1249 480 1326 capite,
492 1249 691 1317 consensione,
703 1249 831 1318 innixus,
842 1250 918 1322 quia,
930 1258 962 1307 nt
974 1249 1079 1325 saepius
1094 1247 1179 1306 tradit
1193 1257 1213 1284 ‘⁴
1223 1248 1280 1307 Eo·

72 1358 75 1363 '
91 1343 178 1402 clesia
191 1346 324 1404 universe
336 1364 421 1404 unam
435 1357 464 1404 et
476 1346 595 1405 cundem
610 1345 695 1405 fidem
710 1349 740 1407 in
754 1357 812 1405 toto
826 1348 893 1405 orbe
907 1347 1039 1406 habet.”¹
1057 1412 1060 1417 ,

132 1440 337 1508 Tertullianus,
350 1442 525 1500 Montsnista
540 1443 602 1519 jem
622 1443 721 1510 factrus,
737 1445 863 1518 queritur
876 1445 963 1515 veluti
983 1442 1126 1502 irridendo
1143 1442 1180 1502 de
1195 1445 1280 1505 renis

92 1539 127 1597 eb
152 1539 302 1616 Episcopo
326 1540 458 1599 Romano
482 1543 600 1613 mechis
628 1543 826 1619 penitentibus
851 1542 974 1621 solemni
995 1543 1139 1618 promisse
1152 1543 1279 1607 ‚edictos

92 1637 299 1698 “Audio-esse
324 1639 447 1717 edictum
472 1643 659 1718 propositum,
682 1653 711 1714 et
735 1641 854 1715 quidem
875 1642 1115 1727 peremptoriums
1139 1643 1279 1712 Pontifex

90 1735 233 1794 maximus
256 1736 330 1808 quod
353 1748 397 1795 est
418 1739 581 1816 Episcopus
605 1738 816 1816 Episcoporum
838 1724 941 1797 edicit:
964 1739 1029 1816 Ego
1045 1748 1075 1796 et
1097 1741 1228 1810 rnaeclrie
1247 1752 1279 1801 et

89 1822 282 1896 fornicationis
300 1834 401 1894 delicta
421 1837 583 1913 penitentia
600 1837 704 1895 iunctis
718 1834 899 1908 dimitto;'’¹g
915 1836 991 1901 Inde
1001 1837 1091 1910 liquet
1111 1838 1278 1900 Romanum

89 1930 268 2008 Episcopum
283 1951 425 1991 summam
444 1934 499 1990 sibi
517 1931 675 1991 vindicasse
691 1933 752 2008 jam
768 1951 803 1990 eo
823 1943 949 2009 tempore
970 1942 1149 2010 potestatem,
1165 1933 1280 1995 videtur

88 2029 164 2089 euim
176 2029 355 2107 Episcopum
365 2048 401 2087 se
407 2030 620 2106 Episcopornm
628 2031 801 2097 enuntiasse,
811 2048 896 2105 quem
907 2030 1017 2097 titulum
1030 2031 1237 2101 Tertullianus,
1246 2035 1278 2092 in

88 2124 223 2209 invidiam
238 2136 270 2184 nt
282 2125 410 2193 adducet,
426 2127 575 2185 Pontificis
592 2127 720 2195 maximi,
735 2112 811 2204 apud
830 2127 971 2186 Ethnicos
988 2128 1117 2205 usurpati
1133 2129 1281 2207 significa.

88 2223 198 2283 tione}
211 2221 380 2299 praeseierre
402 2222 609 2301 interpretetur,
622 2234 766 2283 consuete
789 2223 898 2283 scilicet
919 2223 960 2281 illi
982 2223 1125 2285 scribendi
1150 2227 1271 2295 ratione,

88 2336 174 2391 qnam
188 2328 290 2378 vocant
302 2312 381 2386 ὓςερον
392 2315 502 2388 adrepe
515 2320 682 2387 verboram'
675 2321 820 2378 invertitur
833 2319 913 2379 ordo.

135 2416 165 2474 S.
188 2414 404 2492 Hieronymus.
434 2417 530 2494 “Ego
554 2417 727 2477 Bestitudini
749 2419 869 2484 Vestris,
890 2417 988 2486 idest,
1011 2417 1165 2480 cathedrae
1184 2374 1278 2489 Petri,

89 2514 290 2587 communione
305 2512 463 2568 consocior.
505 2513 610 2589 Super
618 2513 696 2571 illam
716 2525 828 2595 petrem
838 2513 1003 2571 edificatam
1024 2513 1187 2573 Ecclesiam
1202 2518 1273 2576 scio.

87 2608 267 2680 Quicumque
286 2618 366 2671 extra
385 2606 458 2665 hunc
479 2607 595 2667 domurn
612 2629 718 2686 agnum
732 2608 895 2676 comederit,
911 2609 1044 2686 profanus
1063 2621 1116 2668 cst.
1162 2612 1196 2670 Si
1209 2615 1286 2689 onis

86 2707 117 2785 in
131 2724 195 2763 arce
209 2703 347 2762 Noe'non
360 2703 454 2769 luerit,
469 2705 572 2781 peribit
584 2711 718 2782 regnante
732 2705 885 2764 diluvio.''⁸
912 2707 1050 2782 Agnoscit
1063 2706 1150 2783 igitur
1167 2707 1274 2767 Dame-

86 2823 149 2863 sum
171 2802 317 2883 potestatis
331 2818 472 2879 supreme
492 2803 577 2861 Petro
592 2806 753 2864 commisse
774 2803 926 2871 heredem,
942 2803 1012 2862 adeo
1025 2814 1057 2861 nt
1076 2804 1103 2871 si
1123 2806 1189 2878 quis
1207 2808 1272 2884 ejus

85 2899 315 2961 communionem
330 2898 493 2967 declinaret,
506 2900 594 2958 instar
607 2900 732 2959 hominis
746 2912 826 2965 extra
837 2918 942 2968 arcam,
954 2899 1094 2976 periturns
1109 2899 1192 2959 soret.
1213 2900 1217 2905 ’

95 3034 98 3039 ·
125 2998 157 3055 S.
181 2997 376 3072 Augustinus:
399 2997 461 3054 “ln
478 2996 620 3071 ‚Romana
642 2998 774 3063 Ecclesia
797 3016 911 3074 semper
934 2997 1109 3073 Apostolicae
1131 2999 1271 3061 cathedre

83 3093 177 3170 viguit
186 3091 407 3167 principatus.’'⁴
427 3093 480 3150 Et:
498 3103 517 3129 ‘⁴
528 3093 578 3150 Me
589 3092 666 3168 apud
676 3093 836 3153 cesaream
851 3107 981 3170 presente
994 3104 1139 3161 venerunt,
1153 3113 1211 3168 quc
1221 3097 1274 3157 uos

84 3191 210 3268 injuncta
224 3187 304 3245 nobis
319 3206 335 3242 a
350 3187 512 3244 Venerabili
532 3187 610 3262 Papa
624 3187 741 3245 Zosimo
756 3189 927 3281 Apostolice
942 3186 1018 3269 sedis
1039 3188 1201 3266 Episcopo,
1218 3193 1274 3252 Eo·

83 3287 241 3348 clesiastica
255 3285 408 3342 necessitas
422 3283 561 3341 traxerat)
565 3283 587 3318 ’⁵

124 3383 373 3444 Theodoretnsz‘
378 3380 493 3439 Habet
503 3382 581 3438 enim
592 3382 771 3443 sanctissima
786 3383 833 3443 illa
844 3382 926 3441 sedes
941 3384 1146 3456 Ecclesinrnm,
1162 3407 1229 3461 quae
1244 3392 1272 3451 in

84 3493 142 3544 toto
157 3492 223 3540 sunt
236 3480 314 3546 orbe,
329 3478 517 3554 principatum
532 3478 627 3536 multis
642 3479 851 3545 nominibus&
893 3490 897 3500 “
1235 3531 1240 3545 ,

123 3579 155 3636 S.
171 3576 364 3643 Athanasius¹
357 3594 386 3633 m
404 3575 462 3651 Ep.
477 3574 512 3632 ad
532 3568 664 3632 Felicem
678 3576 837 3653 Papam:⁸
841 3575 905 3634 ‘Ob
920 3575 948 3635 id
967 3596 1027 3644 vos,
1042 3571 1272 3654 praedecessores

85 3694 141 3749 que
156 3687 277 3740 vestros,
293 3672 473 3748 Apostolicos
490 3671 619 3730 videlicet
640 3674 785 3748 praesnles,
801 3673 829 3730 in
844 3673 1014 3741 summitatis
1029 3693 1091 3734 arce
1113 3682 1273 3753 coustituit,

83 3768 268 3843 omniumque
283 3770 478 3829 Ecclesiarnm
493 3760 592 3827 curam.
605 3769 707 3826 habere
723 3771 867 3846 precepit,
881 3771 1009 3828 utnobis
1024 3778 1230 3838 succurratis.”

124 3880 143 3912 s·
155 3869 185 3925 S.
203 3867 263 3927 Leo
278 3867 320 3925 M.
345 3877 364 3902 ‘⁸
376 3867 416 3924 Ut
432 3878 622 3942 genssancta,
638 3866 760 3942 populns
781 3867 897 3933 electus,
913 3869 1011 3925 civitas
1032 3871 1229 3946 sacerdotalis,
1244 3891 1273 3938 οι

75 4128 79 4133 ’
116 4103 151 4162 (l)
168 4100 240 4153 risui
241 4103 309 4151 eninr
296 4105 455 4149 ιὰσκλκσιιςπ
442 4094 545 4157 carniae
555 4089 649 4147 scirit
662 4085 1176 4163 diturmicenixsencirrrdmsrormepserl.
1187 4096 1279 4158 tet.-

115 4173 152 4249 (2)
170 4182 508 4234 Tertull.l.1dePndicitin.

116 4271 162 4332 (3)
171 4269 243 4332 Epist
255 4267 285 4315 nd
297 4265 397 4314 Damas.

114 4357 151 4417 (4)
169 4356 234 4416 Aug.
246 4365 282 4412 ep.
292 4349 332 4406 43,
345 4349 408 4397 alins
421 4347 466 4396 les
479 4348 508 4395 nd
521 4347 642 4395 Glorium.

115 4441 153 4499 (5)
170 4436 216 4498 Ep.
229 4432 274 4483 190
286 4431 355 4489 alias,
367 4431 412 4482 157
425 4431 455 4480 nd
472 4430 596 4493 Optatnm.

116 4523 152 4584 (6)
172 4519 218 4583 Ep.
229 4516 275 4569 nn
287 4512 317 4563 sd
330 4514 452 4562 llcnutnm
465 4512 547 4561 Presb.
562 4511 632 4561 Rom.
