2738 5032
128 228 167 334 ra
348 339 351 343 ,
582 276 637 335 ns
660 274 885 335 nrsnonror

131 444 242 494 constat
255 428 332 492 edim
351 435 499 494 hominum
514 433 625 511 species
640 444 697 492 non
710 443 817 492 tantum
832 443 936 492 statura
948 431 1096 509 distingui,
1110 431 1163 490 sed
1176 441 1205 488 e't
1215 430 1330 497 colore,

127 530 186 606 imo
195 543 223 612 et
231 533 338 591 cerebri
347 532 504 608 capitisque
513 531 613 598 forma,
623 531 661 588 ita
669 542 701 588 ut
709 530 849 589 diversam
861 531 1000 608 originem
1012 529 1133 587 babeam
1143 537 1266 587 necesse
1275 527 1325 585 sit.

166 628 256 707 Resp.
279 629 363 696 Quod
381 630 463 687 ⁴inter.
481 628 614 687 homiues
639 628 787 687 intercedit
810 628 963 687 discrimen
988 636 1101 685 stature
1114 619 1230 685 'mtione
1256 642 1324 683 crnn

127 727 273 785 communi
287 718 415 785 omnium
429 722 538 804 origiue
553 725 634 784 facile
649 726 838 803 componitur,
853 745 919 784 nam
940 726 1078 803 pigmaeos
1093 723 1233 797 quosdam
1252 743 1326 782 non·

95 837 99 841 ’
127 839 283 908 numquam
298 820 490 903 aparentibus
511 833 663 883 consuetus·
677 835 789 882 stature
811 823 888 900 gigni
910 824 1018 896 liquet,
1040 813 1213 900 quapropter
1234 832 1324 879 totam

127 913 186 978 le're
200 931 313 998 gentem
334 941 428 1009 parvae
442 941 506 978 esse
524 929 638 978 staturre
658 921 761 980 mirum
782 940 839 978 non
854 930 907 987 est,
923 922 1079 999 presertim
1093 919 1166 976 aeris
1181 918 1322 996 temperie

110 1016 216 1095 ‘rigida
229 1004 356 1093 corporis
370 1016 487 1082 humani
501 1006 683 1119 explicationi
707 1016 780 1074 hart'd
796 1016 916 1074 favente.
961 1017 1006 1075 De
1021 1017 1124 1075 colore
1129 1015 1158 1074 id
1174 1034 1228 1092 pro
1241 1035 1321 1073 com·

126 1127 207 1195 parto
222 1112 326 1170 haberi
338 1123 441 1190 potest,
457 1132 522 1171 eum
537 1132 573 1171 ex
581 1114 680 1172 nimio
700 1113 776 1171 Solis
790 1113 896 1171 ardore
902 1113 979 1179 oriri,
994 1112 1083 1185 liquet
1096 1112 1204 1188 quippe
1218 1126 1321 1188 gentes

127 1227 184 1282 qno
176 1209 286 1286 inagis
300 1199 340 1266 ad
349 1219 452 1267 aonam
466 1209 603 1269 torridam
614 1209 794 1277 accesserint,
809 1210 1006 1266 obscuriorem
1015 1206 1180 1285 prreseferre
1195 1207 1318 1274 vultum,

127 1304 219 1363 donec
229 1304 348 1370 tandem
354 1302 440 1382 nigrat
450 1305 568 1365 omuino
578 1303 645 1363 sint.
666 1303 750 1371 Quod
759 1315 853 1362 autern
862 1304 904 1361 ad
911 1304 1069 1382 frigidiores
1081 1303 1208 1361 translati
1219 1303 1317 1380 plagas

125 1402 254 1488 colorem
274 1400 352 1460 bauti
365 1400 524 1486 deponant,
540 1401 592 1465 sed
610 1402 707 1481 potius
726 1401 829 1478 genitis
844 1421 904 1458 ase
925 1401 992 1459 filiis
1013 1401 1234 1468 communicent,
1253 1414 1321 1458 con·

105 1497 210 1574 tingit
222 1516 260 1558 ex
268 1492 351 1582 lege
365 1492 414 1554 illa
435 1494 542 1556 naturae
556 1515 612 1570 qua
630 1496 757 1556 similes
765 1497 932 1573 plerumque
952 1496 1141 1574 gignentibus
1156 1504 1321 1553 nascuntur.

123 1593 272 1652 Caeterum
283 1601 396 1652 constat
408 1583 615 1652 Lusitandmttr
622 1588 752 1672 posteros
764 1594 793 1651 in
805 1592 900 1674 Africa
914 1594 1052 1670 majorum
1064 1596 1181 1667 suorum
1192 1592 1319 1672 colorem

123 1674 218 1751 album
242 1693 384 1760 amisisse,
406 1691 479 1750 coelo
503 1688 621 1771 soleque
646 1693 758 1768 nigrum
783 1691 890 1748 sensim
915 1690 978 1748 sine
1000 1703 1086 1748 sensu
1108 1666 1319 1760 inducentibus.

125 1780 238 1867 Capitis
261 1799 355 1848 autem
377 1786 496 1847 sormam
518 1787 714 1869 diversam-ex
731 1806 815 1844 causa
837 1784 1169 1865 quadam.speciali,·v'el
1182 1780 1269 1845 variis
1284 1797 1321 1843 ex

125 1872 327 1957 nausis'sin'rul
348 1883 580 1944 concuirentibus
604 1894 693 1941 ortam
717 1882 856 1959 suspicari
878 1883 955 1951 licet,
979 1893 1007 1940 ct
1026 1881 1163 1961 deinceps
1187 1900 1240 1958 per
1262 1883 1320 1959 ple-
1356 1944 1358 1951 ,

123 1999 229 2065 rosque
250 1970 445 2059 propagatam,
465 1986 576 2037 consta't
598 1978 675 2036 enim
700 1966 817 2055 magnas
837 1978 986 2035 varietates
1008 1995 1085 2054 sepe
1099 1976 1207 2045 induci,
1217 1990 1246 2035 et
1267 1996 1319 2054 per

124 2079 246 2136 familias
261 2076 398 2160 quasdam
418 2074 580 2155 propagari,
593 2073 700 2146 quod
691 2088 722 2132 ιιι
743 2083 800 2130 tota
821 2084 904 2150 gente
926 2073 1090 2150 contingere
1111 2073 1214 2148 potuit,
1236 2083 1322 2167 prout

93 2244 96 2249 ¹
124 2174 226 2233 editior
239 2174 286 2232 vel
299 2174 394 2232 minus
407 2173 483 2231 culta
496 2172 588 2239 luerit,
601 2176 700 2245 quum
704 2190 798 2229 mores
809 2182 923 2248 patrum
935 2172 964 2228 in
975 2171 1103 2229 formam
1109 2170 1233 2229 liliorum
1249 2190 1321 2229 non·

126 2253 236 2342 nullum
257 2269 397 2348 influxum
412 2265 515 2328 habere
527 2252 702 2340 ιίιιοιιιιιιιι1
774 2284 777 2289 ·
1110 2284 1113 2289 ·

166 2366 233 2456 Obd·
248 2372 277 2426 7.
299 2367 444 2424 aimerice·
455 2365 554 2422 incolui
568 2358 676 2437 antiqui
689 2364 767 2421 nullu
781 2363 936 2421 verosimili
949 2363 1057 2421 ratione
1071 2363 1189 2422 censeri
1185 2370 1321 2440 ροίιιιιιιι

122 2483 138 2521 a
149 2463 294 2522 commum
301 2468 472 2520 ιιιιιιοιιιιιι
486 2461 634 2539 bominum
642 2461 749 2540 stirpe
746 2461 814 2518 orti:
830 2480 917 2533 quum
930 2460 1007 2518 nulla
1020 2461 1104 2519 luerit
1114 2459 1189 2536 apud
1200 2472 1320 2518 ceteros

123 2544 256 2653 populos,
271 2553 478 2630 reinnerus,
495 2557 539 2616 vel
554 2558 623 2635 ejus·
630 2557 796 2625 incolarum
808 2569 871 2616 ante
882 2556 1018 2615 seculum
1031 2557 1319 2641 decimumquintum

121 2659 232 2719 notitia.

139 2746 249 2833 Rctp.
271 2750 320 2814 Εἰι
340 2741 466 2814 moribus
487 2751 740 2824 traditionibusque
762 2750 836 2829 apud
860 2753 1044 2821 Americanos
1065 2712 1227 2828 rigentibus
1250 2753 1321 2810 satis

122 2859 238 2912 constat
246 2844 428 2939 communem
443 2848 480 2909 iis
495 2867 527 2908 ac
542 2849 650 2908 caeteris
660 2849 776 2938 pupulis
790 2834 854 2906 ιιιο
864 2849 1014 2926 originem.
1056 2847 1218 2906 American
1229 2845 1321 2906 unde·

122 2949 206 3006 cimo
221 2942 336 3019 ineunte
359 2949 464 3007 saeculo
482 2931 756 3039 septentrionalibus
778 2943 903 3021 Europae
923 2945 1039 3022 'populis
1061 2945 1230 3002 innotuisse
1238 2942 1344 3004 docti-

120 3039 287 3101 homiues
268 3061 304 3100 ex
316 3042 553 3137 inscriptlunibus
572 3028 749 3114 quibusdam
761 3050 790 3096 st
809 3034 986 3115 documentis
1007 3032 1152 3116 colligunt.
1194 3040 1254 3098 Per
1271 3059 1322 3098 eas

23 3213 27 3216 η
121 3140 254 3217 'regiones
269 3133 392 3216 primum
408 3133 472 3225 iter
475 3137 508 3195 ad
529 3136 692 3196 Amerinam
713 3132 841 3213 patuisse
861 3138 945 3195 satis*
941 3137 1143 3196 verosimiliter
1154 3138 1320 3214 conjicitur,

94 3231 96 3236 ’
120 3250 211 3313 ιιιιιιιιι
224 3248 281 3296 non
279 3230 367 3295 adeo
381 3252 484 3321 magno
498 3234 655 3293 intervallo
652 3254 695 3293 ex
715 3253 750 3291 ca
763 3243 849 3309 'parte
854 3245 981 3308 utraque
985 3236 1136 3294 continens
1148 3244 1230 3292 terra
1235 3255 1321 3313 sepa·

118 3346 204 3394 retur.
246 3321 413 3407 Plurimos,
422 3330 518 3398 etiam,
533 3342 621 3388 notas
644 3335 802 3404 quaerentes
823 3322 917 3413 sedbs,
932 3333 976 3391 vel
991 3342 1148 3390 ventorum
1153 3350 1182 3388 vr
1173 3326 1320 3415 delatos,

117 3431 153 3490 ad
167 3452 230 3492 oras
238 3427 437 3504 American'a's,
450 3428 495 3485 v'el
518 3427 626 3484 insulas
645 3426 816 3505 adjacentes,
834 3428 910 3486 olim
916 3429 1061 3506 appulisse
1082 3406 1249 3495 verosimile
1262 3441 1318 3489 est.

120 3529 272 3588 Ceterum
279 3542 347 3618 casu
362 3520 407 3584 tel
421 3525 550 3613 consilio
563 3512 737 3610 adlenerint,
755 3536 865 3584 constat
884 3527 956 3584 nillil
970 3516 1229 3604 caspresetblisse
1243 3527 1324 3601 quud

123 3610 539 3709 diversamarguatoriginemt
583 3630 585 3635 '
663 3634 668 3640 ·
1196 3638 1201 3649 ¹
1294 3648 1298 3653 ·

163 3721 230 3802 obj.
235 3727 274 3781 8.
296 3720 393 3818 Quum
408 3714 483 3780 Cain
497 3738 533 3784 nc
548 3720 582 3777 ab
597 3702 771 3800 occurrente
782 3731 973 3794 quocumque
974 3708 1167 3781 occideretur
1179 3711 1325 3791 timuerit,

118 3826 152 3878 et
167 3819 290 3878 Henoch
310 3819 372 3896 ejus
392 3817 478 3877 filius
483 3816 623 3894 civitatem
639 3810 831 3884 aedificaverit,
847 3818 1013 3894 plurimos
1001 3837 1062 3896 Jarn
1077 3819 1165 3878 fuisse
1179 3817 1319 3879 homines
1350 3878 1353 3883 ,

118 3905 223 3990 liquet:
239 3916 288 3990 qui
295 3909 397 3973 ta'rden
418 3908 481 3971 A'da
501 3914 554 3972 orti
569 3933 626 3971 non
641 3904 781 3972 dicuntur.
823 3915 911 4039 Ergo
917 3916 964 3973 alii
979 3928 1054 3974 ante
1057 3907 1209 4035 Αιιιιιιιιιιι
1213 3900 1330 3979 mites

33 4080 36 4087 Δ
118 4021 193 4079 runt,
208 4030 244 4070 ex
247 4009 363 4084 quibus
378 4008 416 4066 lii
423 4019 490 4067 sunt
502 4009 566 4066 orti.

111 4185 114 4189 1
147 4107 246 4186 R.esp
256 4105 441 4174 Quorundam
451 4098 574 4163 filiorum
583 4096 944 4165 Admortuntretrllrtsacer
952 4111 1058 4176 auctor
1068 4109 1136 4166 filus
1147 4098 1334 4185 filiabusque·

133 4200 250 4312 plrimis
266 4202 340 4261 haud
356 4184 513 4269 recensitis,
528 4218 586 4274 qua
599 4196 706 4260 r'atione
727 4202 757 4260 in
777 4218 863 4278 opere
884 4216 975 4281 caepto
989 4206 1124 4282 perrexit,
1139 4206 1255 4264 seriem
1254 4216 1323 4266 tex-

118 4300 181 4373 ens,
197 4302 265 4375 quin
280 4298 409 4383 singulos
422 4299 553 4356 homines
568 4311 755 4363 enumeraret.
796 4300 865 4359 Ideo
886 4303 1034 4362 consuevit
1047 4301 1201 4389 adjungere
1216 4305 1321 4364 nativi·
1358 4315 1365 4320 '

116 4393 184 4464 tatis
193 4399 351 4471 aliquorum
366 4394 574 4453 relationibus
589 4397 711 4473 spatium
725 4397 822 4472 patris,
838 4396 903 4472 euin
919 4399 1116 4487 adnotatione·
1109 4409 1163 4438 ·“
1160 4401 1324 4495 genuitque

122 4501 198 4559 tilios
210 4505 239 4554 ct
251 4491 359 4553 filias'*

159 4592 226 4674 obj.
241 4595 270 4649 9.
294 4589 371 4648 Vitae
385 4588 509 4666 spatium
531 4564 615 4662 quod·
628 4558 845 4670 antedilurianis
860 4559 1023 4652 liomilrib'us
1039 4587 1213 4670 adsignatur,
1232 4593 1324 4654 fldem

430 4739 508 4801 (l)
526 4739 587 4789 Vide
599 4733 748 4790 ιιιιοιιιιιιι
761 4740 863 4791 Lentule
873 4741 913 4791 ud.
