2768 5032
116 288 176 345 280
420 282 476 345 DE
498 282 724 345 TRIBUNALI
745 272 987 345 DOCTRINAE.

114 445 257 522 precipue
266 443 517 517 requimnturreas
525 444 633 502 scilicet
644 426 895 515 definitionesfidei
904 441 1092 511 defendendas
1102 441 1292 518 suscepimus,

114 561 177 616 quae
190 541 277 599 libere
291 541 371 622 ιιιι,
387 541 537 599 Pontifioia
552 541 636 599 etiam
650 540 852 599 interveniente
867 541 1038 600 auctoritate.
1063 539 1082 598 J
1084 558 1129 596 am
1142 556 1211 595 vero
1225 555 1291 595 con·

114 648 169 696 stat
188 649 280 715 patres
295 639 488 696 Ariminenses
503 638 581 697 omni
602 623 788 696 erumnarum
802 657 905 715 genere
918 636 1037 697 afflictos
1052 638 1086 696 ab
1105 635 1288 713 Imperatoris

115 730 275 793 Constantii
288 728 463 802 satellitibus,
477 720 510 792 'ut
529 733 640 792 tandem
655 734 804 807 aliquando
818 736 931 793 Valenti
945 745 973 793 et
993 735 1113 794 Ursacio
1133 732 1291 811 Episcopis
1314 765 1318 771 ·

112 831 226 914 Arianis
242 831 328 890 fidem
343 816 514 898 adhiberent,
529 841 558 889 et
571 831 718 905 formulam
734 850 796 907 quae
810 831 998 891 orthodoxum
1020 831 1216 911 praeseferebat
1229 848 1292 888 sen·

113 944 178 985 sum
191 927 364 1004 exciperent.
406 926 612 1002 Craterum-nec
626 929 682 1004 ipsi
696 928 781 986 ullam
802 947 924 987 errorem
942 928 1104 987 definiendo
1124 924 1290 995 sanxerunt,

112 1023 164 1083 sed
178 1043 247 1090 voce
260 1041 350 1094 ομισως
362 1027 477 1094 omissa,
487 1027 549 1102 paci
557 1014 732 1095 studuerunt,
745 1027 774 1085 ιι
788 1045 823 1085 eo
836 1022 930 1085 tamen
942 1027 1025 1104 lapsi,
1035 1026 1111 1100 quod
1122 1037 1231 1085 tessera
1241 1025 1289 1084 illa

112 1121 179 1181 fidei
194 1123 327 1199 seposita,
342 1141 418 1181 error
432 1110 512 1181 sacile
527 1132 700 1199 grassamrus
718 1123 798 1199 soret,
838 1123 947 1182 Fraude
968 1110 1075 1182 detecta
1095 1135 1206 1200 paratos
1221 1141 1286 1181 sese

111 1221 300 1281 exhibuerunt
319 1222 539 1298 subscriptiones
554 1240 619 1278 suas
643 1241 783 1295 revocare,
798 1232 826 1280 et
846 1241 944 1280 omues
965 1223 1132 1280 Asianorum
1158 1221 1289 1298 blasphe-

109 1320 183 1378 'mias
205 1319 402 1388 condemnare,
416 1330 448 1377 ιι
467 1336 526 1391 rem
541 1329 625 1377 totam
640 1319 762 1378 reserens
783 1320 865 1378 docet
879 1321 910 1378 S.
923 1312 1148 1401 Hieronymus.¹
1189 1318 1287 1377 Ponti-

110 1402 158 1476 fex¹
178 1418 262 1476 stiam
275 1417 416 1486 Liberius,
430 1416 466 1474 dc
487 1416 570 1474 rebus
584 1410 670 1494 gestis
686 1417 774 1475 lactus
788 1418 898 1486 certior,
920 1417 980 1497 ac'ta
1000 1417 1048 1474 illa
1068 1417 1098 1474 in
1117 1415 1229 1475 irritum
1246 1415 1284 1475 li.

113 1511 191 1570 Petri
206 1513 366 1595 auctoritate
380 1512 467 1583 misit.
776 1496 778 1501 ¹
1299 1576 1302 1581 Ι

151 1608 216 1688 Obj.
235 1613 262 1668 6.
285 1594 416 1667 concilia
428 1609 513 1667 etiam
528 1608 679 1667 Generalia
689 1590 815 1668 ciuilium
829 1610 1008 1669 comitiorum
1019 1610 1106 1667 instar
1114 1608 1212 1666 haberi
1223 1626 1301 1673 nos·,

109 1717 226 1783 cuntur.
253 1725 318 1765 uam
333 1706 379 1765 vel
391 1707 568 1787 imperatoris
582 1704 705 1783 potestas
726 1688 876 1784 plerosque
894 1707 1078 1784 Episcopos
1069 1726 1099 1764 ιι
1113 1725 1189 1764 suas
1193 1716 1289 1783 partes

32 1876 35 1881 Ι
112 1803 206 1872 ιιιιιιι,
220 1818 252 1862 ιι
265 1805 333 1867 olim
347 1804 513 1894 plerumque
528 1804 683 1871 eveniebat,
695 1804 750 1861 vel
748 1803 894 1880 pontificis
909 1822 1013 1862 summi
1005 1802 1159 1880 'praevalet
1172 1803 1292 1875 auctori·

109 1912 162 1972 tas,
177 1903 218 1983 uti
232 1901 363 1961 Tridenti
376 1903 511 1980 contigit.
544 1901 633 1970 Lites,
654 1901 758 1978 jurgia,
772 1913 801 1959 et
823 1891 941 1978 partium
966 1899 1068 1968 studia,
1091 1920 1158 1959 curn
1180 1896 1290 1959 artibus

21 2004 33 2075 ᾗ
113 1978 245 2075 omnibus
260 2015 324 2073 quae
340 2000 370 2057 in
383 2018 413 2056 re
428 1999 542 2076 politica
554 1997 676 2074 gerenda
684 1990 887 2066 adhibenturf
880 2017 915 2056 ιι
923 1998 958 2055 ιιι
973 2007 1139 2056 occurrunt:
1163 2017 1217 2056 nec
1230 1994 1288 2067 ulla

30 2084 36 2107 “
107 2097 175 2156 ιιιιι
187 2097 267 2165 ratio,
281 2106 313 2154 ut
326 2094 503 2153 definitiones
517 2093 583 2152 inde
606 2095 770 2172 profectea
790 2095 896 2171 Spiritu
917 2095 1023 2152 Sancto
1044 2112 1174 2152 manasse
1188 2113 1288 2179 cense-

106 2203 197 2262 antur,
211 2192 368 2271 presertim
383 2207 470 2265 quum
485 2190 648 2250 Concilium
659 2191 822 2307 hujusmodi
837 2191 969 2250 Christus
980 2190 1193 2251 convocandum
1207 2210 1292 2252 num

25 2330 28 2335 -
107 2308 192 2367 quam
202 2291 325 2369 jussisse
338 2290 455 2368 legatur
839 2304 842 2309 ’
1304 2278 1307 2283 ’

144 2385 233 2463 Resp.
257 2386 388 2444 Consilia
401 2385 517 2458 quidem
528 2386 691 2449 hominibus
704 2378 843 2455 constant,
858 2384 907 2460 qui
920 2385 1025 2463 sapius
1040 2378 1243 2467 infirmitatem,
1257 2396 1290 2447 et

105 2482 231 2541 desectus
251 2491 363 2541 nostrae
383 2491 488 2541 naturae
508 2483 578 2540 adeo
598 2482 766 2545 inherentes
781 2483 941 2552 ostendunt,
957 2484 1086 2557 quamvis
1107 2493 1135 2570 et
1154 2485 1285 2581 virtutes,

105 2588 134 2637 ct
152 2576 318 2667 doctrinam,
333 2578 460 2653 aliasque
480 2588 711 2669 congregatorum
735 2580 935 2657 episcoporum
956 2579 1036 2638 dotes
1059 2576 1176 2639 eximias
1197 2576 1288 2642 etiam

107 2693 260 2752 agnoscere
287 2662 408 2750 quisque
439 2684 562 2755 cogatur.
599 2673 757 2745 Ceterum
774 2694 831 2733 nou
856 2674 901 2733 ιιι
922 2675 1050 2734 innititur
1079 2674 1149 2734 fides
1174 2687 1286 2747 nostra,

104 2770 157 2830 aed
167 2770 276 2831 Christi
290 2771 490 2850 promissione,
506 2790 555 2846 qui
547 2771 734 2849 Apostolico
743 2750 903 2830 ministerio
923 2770 1036 2831 docenti
1048 2759 1080 2830 se
1094 2790 1207 2851 semper
1220 2792 1287 2851 pro·

102 2869 181 2927 misit
193 2866 362 2928 adfuturum.
404 2869 487 2928 Licet
510 2880 604 2927 autem
616 2888 675 2927 non
687 2868 824 2946 legatur'
813 2869 935 2946 jussisse
954 2880 986 2927 ut
1005 2852 1157 2931 concilium
1176 2889 1284 2931 convo-

102 2977 220 3055 caretur,
235 2985 266 3025 se
281 2976 375 3026 tamen
395 2976 564 3043 presentem
583 2966 691 3026 adesse
704 2970 786 3025 caetui
805 2985 858 3026 ιιο
878 2967 993 3026 nomine
1014 2977 1113 3027 coacto
1138 2969 1287 3045 professus

15 3089 17 3094 ·
101 3050 155 3120 ιιι.
183 3061 341 3136 Quidquid
361 3063 446 3140 igitur
465 3063 605 3122 decivilis
619 3064 816 3141 potestatisvi,
831 3062 987 3140 autgratra
1008 3076 1057 3124 aut
1075 3050 1298 3129 dePontificie‘'

103 3157 275 3226 auctoritate,
291 3167 338 3215 aut
352 3156 409 3215 de
400 3160 471 3247 ipsis
486 3159 696 3261 Episcoporum
710 3158 886 3217 defectibus'
879 3179 908 3218 ιι
921 3153 984 3217 illis
988 3161 1110 3219 comitiis
1121 3174 1280 3232 censeatur,

96 3250 238 3337 judicium
258 3254 385 3313 solemne
406 3255 440 3311 ab
456 3234 639 3332 hujusmddi
634 3264 720 3313 caetu
739 3254 864 3323 editum,
877 3254 985 3314 Christi
1007 3276 1058 3333 per
1078 3253 1281 3355 Apostolorum

99 3367 280 3411 successores
292 3349 418 3408 docentis
429 3369 486 3447 vox
495 3359 546 3417 est,
559 3368 605 3408 cur
597 3349 751 3448 obaudire
765 3353 924 3420 tenemurs
917 3371 980 3430 ipso
994 3351 1149 3413 dicente:
1151 3354 1218 3428 ‘'qui
1230 3348 1282 3457 ros

102 3451 190 3520 cudit,
204 3447 369 3508 meandit”

16 3568 21 3579 ·
59 3616 74 3629 Ι,
143 3546 209 3626 obj.
224 3553 253 3607 7.
275 3545 320 3604 De
332 3544 465 3605 Concrlu
468 3564 641 3604 oecumemca
654 3538 819 3606 authoritate
833 3534 960 3607 constare
974 3566 1032 3608 non
1044 3559 1153 3626 potest,
1166 3569 1284 3630 semper

56 3648 64 3735 ι
99 3644 177 3704 euim
191 3645 320 3724 eritratio
335 3643 428 3727 aliqua
439 3642 606 3720 suspicandi
620 3643 690 3702 illud
709 3644 829 3704 liberum
838 3632 1058 3725 ¹legitimumque
1071 3648 1157 3723 haud·
1169 3632 1279 3708 suisset

51 3756 60 3825 ι
99 3751 169 3800 stre
183 3740 297 3814 quidem
312 3758 378 3799 vera
397 3739 523 3799 Concilii
535 3740 734 3821 Lateranensis
748 3742 797 3811 V..
813 3743 894 3823 sicut*
906 3752 934 3801 et
954 3744 1137 3814 Basileeusis,
1152 3736 1281 3806 ct'Con·

17 3904 22 3913 ¹
91 3837 271 3904 stantiensis,
286 3846 314 3895 et
327 3834 436 3906 Pisani,
451 3830 664 3916 controvertitur
676 3837 767 3896 adhuc
787 3822 953 3909 ιιιιοιιιιιζ,
1056 3878 1058 3883 -

39 3944 49 4017 ἰ
138 3932 225 4012 Rerp.
247 3933 347 3992 Potest
360 3933 474 4008 quidem
489 3942 627 4003 constare,
642 3943 671 3991 et
683 3944 781 3993 revera
794 3920 951 3995 cdnstat'de
971 3937 1161 4016 plurimorum
1173 3938 1280 4000 Coa'ci·

45 4026 49 4031 ’
100 4031 203 4090 liorum
215 4029 389 4088 oecumenica
400 4029 574 4097 authoritate,
587 4025 934 4103 quaescilicetaSummis
944 4033 1131 4099 Pontificibus
1144 4035 1281 4101 solemni·

96 4138 139 4188 ter
151 4127 324 4194 confirmata,
339 4127 424 4186 totius
438 4126 577 4185 Ecclesiae
591 4126 712 4186 assensu
722 4136 751 4185 et
762 4127 839 4185 tide
832 4138 1018 4189 innotescunt.
1063 4131 1098 4191 ln
1112 4131 1170 4211 illis
1183 4148 1279 4191 rerum

48 4224 256 4305 adjunctis'
248 4243 278 4283 ιι
292 4202 394 4297 quibus
408 4224 560 4304 probabilis
571 4221 640 4284 ratio
651 4224 792 4285 dubitandi
805 4225 853 4294 sit,
866 4226 962 4286 licebit
981 4247 1041 4288 rem
1061 4229 1167 4288 altius'
1158 4230 1276 4290 revesti·

97 4341 173 4402 gare,
199 4324 229 4383 e
247 4302 415 4415 EccU,
406 4321 521 4381 clarius
548 4331 577 4380 et
596 4320 751 4383 solemnius
778 4333 926 4400 expectare
949 4323 1099 4402 judicium.
1141 4325 1188 4385 De
1209 4327 1297 4403 fidei,

97 4421 262 4480 definitione
292 4414 326 4478 ab
361 4418 455 4492 aliquo
490 4419 622 4479 Concilio
657 4419 790 4478 Generali
823 4419 898 4479 edita
930 4421 1006 4481 haud
1039 4421 1275 4495 dubitatur,ssd

418 4594 488 4657 (l)S.
499 4595 587 4646 Hier.¹
580 4613 611 4647 ιι
617 4596 675 4648 dial.
686 4603 771 4649 centn
782 4596 890 4648 Lucius
963 4558 966 4563 Α
