<?xml version="1.0" encoding="UTF-8"?>
<!DOCTYPE html PUBLIC "-//W3C//DTD XHTML 1.0 Transitional//EN"
    "http://www.w3.org/TR/xhtml1/DTD/xhtml1-transitional.dtd">
<html xmlns="http://www.w3.org/1999/xhtml" xml:lang="en" lang="en">
 <head>
  <title>
</title>
<meta http-equiv="Content-Type" content="text/html;charset=utf-8" />
  <meta name='ocr-system' content='tesseract 3.04.00' />
  <meta name='ocr-capabilities' content='ocr_page ocr_carea ocr_par ocr_line ocrx_word'/>
</head>
<body>
  <div class='ocr_page' id='page_1' title='image "./theologidogmati00kenrgoog_0196.png"; bbox 0 0 2768 5032; ppageno 0'>
   <div class='ocr_carea' id='block_1_1' title="bbox 472 246 1335 322">
    <p class='ocr_par' dir='ltr' id='par_1_1' title="bbox 472 246 1335 322">
     <span class='ocr_line' id='line_1_1' title="bbox 472 246 1335 322; baseline 0 -9"><span class='ocrx_word' id='word_1_1' title='bbox 472 246 571 322; x_wconf 83' lang='lat' dir='ltr'><strong>QUlE</strong></span> <span class='ocrx_word' id='word_1_2' title='bbox 594 252 798 314; x_wconf 77' lang='lat' dir='ltr'><strong>ECCLESIA</strong></span> <span class='ocrx_word' id='word_1_3' title='bbox 819 254 885 313; x_wconf 84' lang='lat' dir='ltr'><strong>SIT</strong></span> <span class='ocrx_word' id='word_1_4' title='bbox 906 254 1004 313; x_wconf 78' lang='lat' dir='ltr'><strong>UNA.</strong></span> <span class='ocrx_word' id='word_1_5' title='bbox 1194 246 1208 281; x_wconf 77' lang='lat'><strong>&#39;&#39;</strong></span> <span class='ocrx_word' id='word_1_6' title='bbox 1280 254 1335 313; x_wconf 68' lang='grc' dir='ltr'><strong>ΠΟ</strong></span> 
     </span>
    </p>
   </div>
   <div class='ocr_carea' id='block_1_2' title="bbox 84 408 1378 4075">
    <p class='ocr_par' dir='ltr' id='par_1_2' title="bbox 84 408 1352 1361">
     <span class='ocr_line' id='line_1_2' title="bbox 162 408 1339 491; baseline -0.002 -20"><span class='ocrx_word' id='word_1_7' title='bbox 162 410 167 417; x_wconf 77' lang='grc'><strong>’</strong></span> <span class='ocrx_word' id='word_1_8' title='bbox 192 412 294 472; x_wconf 84' lang='lat' dir='ltr'><strong>Merito</strong></span> <span class='ocrx_word' id='word_1_9' title='bbox 317 414 441 487; x_wconf 82' lang='lat' dir='ltr'><strong>Irenaens</strong></span> <span class='ocrx_word' id='word_1_10' title='bbox 465 413 624 471; x_wconf 73' lang='lat' dir='ltr'><strong>Romnum</strong></span> <span class='ocrx_word' id='word_1_11' title='bbox 650 412 810 471; x_wconf 83' lang='lat' dir='ltr'><strong>Ecclesiam</strong></span> <span class='ocrx_word' id='word_1_12' title='bbox 835 413 993 491; x_wconf 86' lang='lat' dir='ltr'><strong>designavit</strong></span> <span class='ocrx_word' id='word_1_13' title='bbox 1013 432 1050 471; x_wconf 81' lang='lat' dir='ltr'><strong>ex</strong></span> <span class='ocrx_word' id='word_1_14' title='bbox 1071 414 1153 491; x_wconf 88' lang='lat' dir='ltr'><strong>cujus</strong></span> <span class='ocrx_word' id='word_1_15' title='bbox 1177 408 1339 478; x_wconf 68' lang='lat' dir='ltr'><strong>traditione)</strong></span> 
     </span>
     <span class='ocr_line' id='line_1_3' title="bbox 151 509 1336 588; baseline 0.002 -23"><span class='ocrx_word' id='word_1_16' title='bbox 151 511 278 568; x_wconf 88' lang='lat' dir='ltr'><strong>omnium</strong></span> <span class='ocrx_word' id='word_1_17' title='bbox 291 528 343 588; x_wconf 91' lang='lat' dir='ltr'><strong>per</strong></span> <span class='ocrx_word' id='word_1_18' title='bbox 356 511 452 569; x_wconf 88' lang='lat' dir='ltr'><strong>orbern</strong></span> <span class='ocrx_word' id='word_1_19' title='bbox 470 510 663 569; x_wconf 82' lang='lat' dir='ltr'><strong>Ecclesiamm</strong></span> <span class='ocrx_word' id='word_1_20' title='bbox 680 509 830 568; x_wconf 89' lang='lat' dir='ltr'><strong>concordia</strong></span> <span class='ocrx_word' id='word_1_21' title='bbox 842 512 960 578; x_wconf 88' lang='lat' dir='ltr'><strong>firmata,</strong></span> <span class='ocrx_word' id='word_1_22' title='bbox 975 509 1209 569; x_wconf 82' lang='lat' dir='ltr'><strong>doctrinadirina</strong></span> <span class='ocrx_word' id='word_1_23' title='bbox 1223 509 1336 586; x_wconf 84' lang='lat' dir='ltr'><strong>dignos·</strong></span> 
     </span>
     <span class='ocr_line' id='line_1_4' title="bbox 152 605 1336 685; baseline 0.002 -23"><span class='ocrx_word' id='word_1_24' title='bbox 152 608 284 683; x_wconf 59' lang='lat' dir='ltr'><strong>celetur.¹</strong></span> <span class='ocrx_word' id='word_1_25' title='bbox 325 608 448 667; x_wconf 81' lang='lat' dir='ltr'>Pulchre</span> <span class='ocrx_word' id='word_1_26' title='bbox 472 608 556 665; x_wconf 86' lang='lat' dir='ltr'><strong>ctiam</strong></span> <span class='ocrx_word' id='word_1_27' title='bbox 582 605 746 684; x_wconf 79' lang='lat' dir='ltr'>Cyprianus</span> <span class='ocrx_word' id='word_1_28' title='bbox 775 605 897 668; x_wconf 83' lang='lat' dir='ltr'><strong>Romam</strong></span> <span class='ocrx_word' id='word_1_29' title='bbox 924 620 1024 667; x_wconf 82' lang='lat' dir='ltr'><strong>euntes</strong></span> <span class='ocrx_word' id='word_1_30' title='bbox 1051 609 1169 676; x_wconf 92' lang='lat' dir='ltr'><strong>monuit,</strong></span> <span class='ocrx_word' id='word_1_31' title='bbox 1194 617 1225 665; x_wconf 91' lang='lat' dir='ltr'><strong>ut</strong></span> <span class='ocrx_word' id='word_1_32' title='bbox 1251 607 1336 685; x_wconf 88' lang='lat' dir='ltr'><strong>hujus</strong></span> 
     </span>
     <span class='ocr_line' id='line_1_5' title="bbox 149 700 1335 785; baseline 0.003 -28"><span class='ocrx_word' id='word_1_33' title='bbox 149 700 301 764; x_wconf 83' lang='lat' dir='ltr'><strong>Cathcdrae</strong></span> <span class='ocrx_word' id='word_1_34' title='bbox 321 703 484 780; x_wconf 84' lang='lat' dir='ltr'><strong>principalis</strong></span> <span class='ocrx_word' id='word_1_35' title='bbox 506 703 737 761; x_wconf 86' lang='lat' dir='ltr'><strong>communionem</strong></span> <span class='ocrx_word' id='word_1_36' title='bbox 762 724 865 781; x_wconf 81' lang='lat' dir='ltr'><strong>magno</strong></span> <span class='ocrx_word' id='word_1_37' title='bbox 888 706 981 763; x_wconf 90' lang='lat' dir='ltr'><strong>studio</strong></span> <span class='ocrx_word' id='word_1_38' title='bbox 1003 705 1147 763; x_wconf 75' lang='lat' dir='ltr'><strong>foverent:</strong></span> <span class='ocrx_word' id='word_1_39' title='bbox 1190 703 1335 785; x_wconf 74' lang='lat' dir='ltr'><strong>“Scimus</strong></span> 
     </span>
     <span class='ocr_line' id='line_1_6' title="bbox 148 798 1336 876; baseline 0 -21"><span class='ocrx_word' id='word_1_40' title='bbox 148 815 201 855; x_wconf 88' lang='lat' dir='ltr'><strong>nos</strong></span> <span class='ocrx_word' id='word_1_41' title='bbox 214 798 340 858; x_wconf 82' lang='lat' dir='ltr'><strong>hortatos</strong></span> <span class='ocrx_word' id='word_1_42' title='bbox 354 818 404 858; x_wconf 91' lang='lat' dir='ltr'><strong>eos</strong></span> <span class='ocrx_word' id='word_1_43' title='bbox 418 817 483 857; x_wconf 86' lang='lat' dir='ltr'><strong>esse</strong></span> <span class='ocrx_word' id='word_1_44' title='bbox 496 811 528 856; x_wconf 92' lang='lat' dir='ltr'><strong>ut</strong></span> <span class='ocrx_word' id='word_1_45' title='bbox 541 798 681 875; x_wconf 76' lang='lat' dir='ltr'><strong>Ecclesia</strong></span> <span class='ocrx_word' id='word_1_46' title='bbox 694 799 849 858; x_wconf 70' lang='lat' dir='ltr'><strong>catholice</strong></span> <span class='ocrx_word' id='word_1_47' title='bbox 863 800 985 858; x_wconf 86' lang='lat' dir='ltr'><strong>radicem</strong></span> <span class='ocrx_word' id='word_1_48' title='bbox 1000 812 1029 858; x_wconf 89' lang='lat' dir='ltr'><strong>et</strong></span> <span class='ocrx_word' id='word_1_49' title='bbox 1042 801 1185 858; x_wconf 75' lang='lat' dir='ltr'><strong>matricem</strong></span> <span class='ocrx_word' id='word_1_50' title='bbox 1200 814 1336 876; x_wconf 80' lang='lat' dir='ltr'><strong>agnosce·</strong></span> 
     </span>
     <span class='ocr_line' id='line_1_7' title="bbox 149 893 1335 977; baseline 0.007 -26"><span class='ocrx_word' id='word_1_51' title='bbox 149 903 211 977; x_wconf 65' lang='lat' dir='ltr'><strong>rent</strong></span> <span class='ocrx_word' id='word_1_52' title='bbox 233 912 267 953; x_wconf 85' lang='lat' dir='ltr'><strong>ac</strong></span> <span class='ocrx_word' id='word_1_53' title='bbox 291 899 442 955; x_wconf 78' lang='lat' dir='ltr'><strong>tenerent.¹</strong></span> <span class='ocrx_word' id='word_1_54' title='bbox 482 893 643 953; x_wconf 77' lang='lat' dir='ltr'><strong>Certiorem</strong></span> <span class='ocrx_word' id='word_1_55' title='bbox 666 895 733 953; x_wconf 88' lang='lat' dir='ltr'><strong>lecit</strong></span> <span class='ocrx_word' id='word_1_56' title='bbox 756 897 949 955; x_wconf 74' lang='lat' dir='ltr'><strong>Antonianum</strong></span> <span class='ocrx_word' id='word_1_57' title='bbox 973 915 1004 954; x_wconf 90' lang='lat' dir='ltr'><strong>se</strong></span> <span class='ocrx_word' id='word_1_58' title='bbox 1024 898 1086 975; x_wconf 87' lang='lat' dir='ltr'><strong>jam</strong></span> <span class='ocrx_word' id='word_1_59' title='bbox 1111 896 1146 953; x_wconf 89' lang='lat' dir='ltr'><strong>ad</strong></span> <span class='ocrx_word' id='word_1_60' title='bbox 1167 894 1335 959; x_wconf 78' lang='lat' dir='ltr'><strong>Cornelium</strong></span> 
     </span>
     <span class='ocr_line' id='line_1_8' title="bbox 150 980 1352 1069; baseline 0.002 -20"><span class='ocrx_word' id='word_1_61' title='bbox 150 980 319 1069; x_wconf 67' lang='lat' dir='ltr'><strong>episcopum</strong></span> <span class='ocrx_word' id='word_1_62' title='bbox 338 992 511 1058; x_wconf 84' lang='lat' dir='ltr'><strong>Romanurn,</strong></span> <span class='ocrx_word' id='word_1_63' title='bbox 526 992 573 1050; x_wconf 90' lang='lat' dir='ltr'><strong>cui</strong></span> <span class='ocrx_word' id='word_1_64' title='bbox 593 1010 658 1050; x_wconf 83' lang='lat' dir='ltr'><strong>sese</strong></span> <span class='ocrx_word' id='word_1_65' title='bbox 679 1004 851 1069; x_wconf 87' lang='lat' dir='ltr'><strong>opposuerat</strong></span> <span class='ocrx_word' id='word_1_66' title='bbox 872 993 1059 1060; x_wconf 85' lang='lat' dir='ltr'><strong>Noratianns,</strong></span> <span class='ocrx_word' id='word_1_67' title='bbox 1073 992 1180 1051; x_wconf 81' lang='lat' dir='ltr'><strong>litteras</strong></span> <span class='ocrx_word' id='word_1_68' title='bbox 1201 990 1352 1063; x_wconf 55' lang='lat' dir='ltr'><strong>molnes,</strong></span> 
     </span>
     <span class='ocr_line' id='line_1_9' title="bbox 150 1078 1336 1166; baseline 0.002 -19"><span class='ocrx_word' id='word_1_69' title='bbox 150 1096 208 1147; x_wconf 83' lang='lat' dir='ltr'><strong>“ut</strong></span> <span class='ocrx_word' id='word_1_70' title='bbox 220 1087 350 1166; x_wconf 82' lang='lat' dir='ltr'><strong>deposita</strong></span> <span class='ocrx_word' id='word_1_71' title='bbox 362 1089 630 1148; x_wconf 88' lang='lat' dir='ltr'><strong>omni·solicitndine</strong></span> <span class='ocrx_word' id='word_1_72' title='bbox 639 1091 700 1166; x_wconf 86' lang='lat' dir='ltr'><strong>jam</strong></span> <span class='ocrx_word' id='word_1_73' title='bbox 711 1091 795 1149; x_wconf 86' lang='lat' dir='ltr'><strong>sciret</strong></span> <span class='ocrx_word' id='word_1_74' title='bbox 808 1101 835 1149; x_wconf 90' lang='lat' dir='ltr'><strong>te</strong></span> <span class='ocrx_word' id='word_1_75' title='bbox 849 1109 956 1160; x_wconf 90' lang='lat' dir='ltr'><strong>secum,</strong></span> <span class='ocrx_word' id='word_1_76' title='bbox 973 1092 1027 1151; x_wconf 89' lang='lat' dir='ltr'><strong>hoc</strong></span> <span class='ocrx_word' id='word_1_77' title='bbox 1040 1101 1093 1158; x_wconf 86' lang='lat' dir='ltr'><strong>est,</strong></span> <span class='ocrx_word' id='word_1_78' title='bbox 1108 1109 1173 1150; x_wconf 92' lang='lat' dir='ltr'><strong>cum</strong></span> <span class='ocrx_word' id='word_1_79' title='bbox 1186 1078 1336 1161; x_wconf 67' lang='lat' dir='ltr'><strong>enudus</strong></span> 
     </span>
     <span class='ocr_line' id='line_1_10' title="bbox 151 1170 1336 1263; baseline 0.001 -19"><span class='ocrx_word' id='word_1_80' title='bbox 151 1184 292 1252; x_wconf 87' lang='lat' dir='ltr'><strong>Ecclesia,</strong></span> <span class='ocrx_word' id='word_1_81' title='bbox 304 1185 560 1245; x_wconf 85' lang='lat' dir='ltr'><strong>communicare.”⁸</strong></span> <span class='ocrx_word' id='word_1_82' title='bbox 599 1186 695 1263; x_wconf 84' lang='lat' dir='ltr'><strong>Hujus</strong></span> <span class='ocrx_word' id='word_1_83' title='bbox 709 1179 846 1246; x_wconf 72' lang='lat' dir='ltr'><strong>Ecclesia</strong></span> <span class='ocrx_word' id='word_1_84' title='bbox 860 1189 1091 1248; x_wconf 85' lang='lat' dir='ltr'><strong>communionem</strong></span> <span class='ocrx_word' id='word_1_85' title='bbox 1102 1186 1239 1246; x_wconf 79' lang='lat' dir='ltr'><strong>indicium</strong></span> <span class='ocrx_word' id='word_1_86' title='bbox 1249 1170 1336 1245; x_wconf 75' lang='lat' dir='ltr'><strong>etism</strong></span> 
     </span>
     <span class='ocr_line' id='line_1_11' title="bbox 84 1276 1336 1361; baseline 0.001 -22"><span class='ocrx_word' id='word_1_87' title='bbox 84 1308 88 1313; x_wconf 96' lang='lat'>·</span> <span class='ocrx_word' id='word_1_88' title='bbox 150 1282 248 1340; x_wconf 83' lang='lat' dir='ltr'><strong>babuit</strong></span> <span class='ocrx_word' id='word_1_89' title='bbox 255 1283 393 1341; x_wconf 81' lang='lat' dir='ltr'><strong>consortii</strong></span> <span class='ocrx_word' id='word_1_90' title='bbox 402 1276 530 1341; x_wconf 86' lang='lat' dir='ltr'><strong>omnium</strong></span> <span class='ocrx_word' id='word_1_91' title='bbox 545 1283 755 1361; x_wconf 82' lang='lat' dir='ltr'><strong>Episcopomm</strong></span> <span class='ocrx_word' id='word_1_92' title='bbox 768 1284 981 1343; x_wconf 75' lang='lat' dir='ltr'><strong>catholicorum</strong></span> <span class='ocrx_word' id='word_1_93' title='bbox 996 1284 1174 1350; x_wconf 87' lang='lat' dir='ltr'><strong>Ambrosius,</strong></span> <span class='ocrx_word' id='word_1_94' title='bbox 1186 1284 1236 1355; x_wconf 91' lang='lat' dir='ltr'><strong>qui</strong></span> <span class='ocrx_word' id='word_1_95' title='bbox 1250 1281 1336 1340; x_wconf 76' lang='lat' dir='ltr'><strong>Sadri</strong></span> 
     </span>
    </p>

    <p class='ocr_par' dir='ltr' id='par_1_3' title="bbox 149 1366 1378 2210">
     <span class='ocr_line' id='line_1_12' title="bbox 151 1366 1336 1460; baseline -0.002 -23"><span class='ocrx_word' id='word_1_96' title='bbox 151 1379 243 1437; x_wconf 81' lang='lat' dir='ltr'><strong>fratris</strong></span> <span class='ocrx_word' id='word_1_97' title='bbox 261 1378 443 1438; x_wconf 84' lang='lat' dir='ltr'><strong>commendat</strong></span> <span class='ocrx_word' id='word_1_98' title='bbox 463 1366 560 1447; x_wconf 86' lang='lat' dir='ltr'><strong>fidem,</strong></span> <span class='ocrx_word' id='word_1_99' title='bbox 575 1398 632 1455; x_wconf 75' lang='lat' dir='ltr'><strong>qna</strong></span> <span class='ocrx_word' id='word_1_100' title='bbox 650 1382 680 1438; x_wconf 89' lang='lat' dir='ltr'><strong>in</strong></span> <span class='ocrx_word' id='word_1_101' title='bbox 699 1380 854 1457; x_wconf 88' lang='lat' dir='ltr'><strong>longinqua</strong></span> <span class='ocrx_word' id='word_1_102' title='bbox 873 1382 989 1460; x_wconf 82' lang='lat' dir='ltr'><strong>regione</strong></span> <span class='ocrx_word' id='word_1_103' title='bbox 1009 1381 1188 1460; x_wconf 78' lang='lat' dir='ltr'><strong>Episcopum</strong></span> <span class='ocrx_word' id='word_1_104' title='bbox 1208 1380 1336 1456; x_wconf 85' lang='lat' dir='ltr'><strong>ignotum</strong></span> 
     </span>
     <span class='ocr_line' id='line_1_13' title="bbox 153 1474 1334 1555; baseline 0 -21"><span class='ocrx_word' id='word_1_105' title='bbox 153 1476 314 1535; x_wconf 79' lang='lat' dir='ltr'><strong>inveniens:</strong></span> <span class='ocrx_word' id='word_1_106' title='bbox 339 1474 362 1513; x_wconf 76' lang='lat'><strong>‘⁶&#39;</strong></span> <span class='ocrx_word' id='word_1_107' title='bbox 370 1487 548 1554; x_wconf 84' lang='lat' dir='ltr'><strong>percontatus</strong></span> <span class='ocrx_word' id='word_1_108' title='bbox 562 1496 598 1535; x_wconf 86' lang='lat' dir='ltr'><strong>ex</strong></span> <span class='ocrx_word' id='word_1_109' title='bbox 612 1496 647 1536; x_wconf 90' lang='lat' dir='ltr'><strong>eu</strong></span> <span class='ocrx_word' id='word_1_110' title='bbox 661 1489 714 1545; x_wconf 90' lang='lat' dir='ltr'><strong>est,</strong></span> <span class='ocrx_word' id='word_1_111' title='bbox 729 1489 889 1537; x_wconf 87' lang='lat' dir='ltr'><strong>ntmmnam</strong></span> <span class='ocrx_word' id='word_1_112' title='bbox 908 1494 985 1538; x_wconf 88' lang='lat' dir='ltr'><strong>cum</strong></span> <span class='ocrx_word' id='word_1_113' title='bbox 995 1478 1151 1555; x_wconf 84' lang='lat' dir='ltr'><strong>Episcopis</strong></span> <span class='ocrx_word' id='word_1_114' title='bbox 1166 1475 1334 1544; x_wconf 86' lang='lat' dir='ltr'><strong>Catholicis,</strong></span> 
     </span>
     <span class='ocr_line' id='line_1_14' title="bbox 151 1556 1378 1651; baseline -0.001 -20"><span class='ocrx_word' id='word_1_115' title='bbox 151 1573 206 1631; x_wconf 88' lang='lat' dir='ltr'><strong>hoc</strong></span> <span class='ocrx_word' id='word_1_116' title='bbox 219 1583 271 1642; x_wconf 82' lang='lat' dir='ltr'><strong>est,</strong></span> <span class='ocrx_word' id='word_1_117' title='bbox 284 1570 350 1632; x_wconf 87' lang='lat' dir='ltr'><strong>cnm</strong></span> <span class='ocrx_word' id='word_1_118' title='bbox 371 1556 503 1632; x_wconf 81' lang='lat' dir='ltr'><strong>Ecclesia</strong></span> <span class='ocrx_word' id='word_1_119' title='bbox 523 1574 652 1633; x_wconf 87' lang='lat' dir='ltr'><strong>Romana</strong></span> <span class='ocrx_word' id='word_1_120' title='bbox 665 1575 875 1633; x_wconf 83' lang='lat' dir='ltr'><strong>conveniret.&#39;’⁴</strong></span> <span class='ocrx_word' id='word_1_121' title='bbox 915 1575 980 1634; x_wconf 86' lang='lat' dir='ltr'><strong>Hac</strong></span> <span class='ocrx_word' id='word_1_122' title='bbox 993 1576 1100 1634; x_wconf 87' lang='lat' dir='ltr'><strong>ratione</strong></span> <span class='ocrx_word' id='word_1_123' title='bbox 1114 1575 1199 1633; x_wconf 90' lang='lat' dir='ltr'><strong>etiam</strong></span> <span class='ocrx_word' id='word_1_124' title='bbox 1213 1574 1334 1651; x_wconf 86' lang='lat' dir='ltr'><strong>Optatus</strong></span> <span class='ocrx_word' id='word_1_125' title='bbox 1375 1626 1378 1631; x_wconf 79' lang='grc'>,</span> 
     </span>
     <span class='ocr_line' id='line_1_15' title="bbox 149 1670 1334 1749; baseline 0.001 -21"><span class='ocrx_word' id='word_1_126' title='bbox 149 1670 333 1731; x_wconf 79' lang='lat' dir='ltr'><strong>Milesituuus</strong></span> <span class='ocrx_word' id='word_1_127' title='bbox 348 1673 482 1731; x_wconf 83' lang='lat' dir='ltr'><strong>unitatem</strong></span> <span class='ocrx_word' id='word_1_128' title='bbox 496 1683 525 1730; x_wconf 89' lang='lat' dir='ltr'><strong>et</strong></span> <span class='ocrx_word' id='word_1_129' title='bbox 538 1672 770 1731; x_wconf 86' lang='lat' dir='ltr'><strong>communionem</strong></span> <span class='ocrx_word' id='word_1_130' title='bbox 783 1671 961 1730; x_wconf 88' lang='lat' dir='ltr'><strong>Catholicam</strong></span> <span class='ocrx_word' id='word_1_131' title='bbox 975 1674 1081 1749; x_wconf 89' lang='lat' dir='ltr'><strong>probat,</strong></span> <span class='ocrx_word' id='word_1_132' title='bbox 1096 1672 1243 1731; x_wconf 88' lang='lat' dir='ltr'><strong>recensitis</strong></span> <span class='ocrx_word' id='word_1_133' title='bbox 1257 1671 1334 1730; x_wconf 88' lang='lat' dir='ltr'><strong>enim</strong></span> 
     </span>
     <span class='ocr_line' id='line_1_16' title="bbox 149 1762 1335 1842; baseline -0.001 -16"><span class='ocrx_word' id='word_1_134' title='bbox 149 1762 336 1826; x_wconf 86' lang='lat' dir='ltr'><strong>Pontificibus</strong></span> <span class='ocrx_word' id='word_1_135' title='bbox 350 1788 366 1826; x_wconf 91' lang='lat' dir='ltr'><strong>a</strong></span> <span class='ocrx_word' id='word_1_136' title='bbox 380 1768 466 1826; x_wconf 89' lang='lat' dir='ltr'><strong>Petro</strong></span> <span class='ocrx_word' id='word_1_137' title='bbox 476 1767 615 1842; x_wconf 86' lang='lat' dir='ltr'><strong>usquead</strong></span> <span class='ocrx_word' id='word_1_138' title='bbox 630 1768 774 1835; x_wconf 85' lang='lat' dir='ltr'><strong>Siricimn,</strong></span> <span class='ocrx_word' id='word_1_139' title='bbox 786 1786 852 1826; x_wconf 86' lang='lat' dir='ltr'><strong>eum</strong></span> <span class='ocrx_word' id='word_1_140' title='bbox 867 1768 952 1827; x_wconf 88' lang='lat' dir='ltr'><strong>totius</strong></span> <span class='ocrx_word' id='word_1_141' title='bbox 967 1768 1042 1825; x_wconf 88' lang='lat' dir='ltr'><strong>orbis</strong></span> <span class='ocrx_word' id='word_1_142' title='bbox 1055 1767 1197 1826; x_wconf 85' lang='lat' dir='ltr'><strong>Catholici</strong></span> <span class='ocrx_word' id='word_1_143' title='bbox 1208 1776 1335 1826; x_wconf 87' lang='lat' dir='ltr'><strong>centrum</strong></span> 
     </span>
     <span class='ocr_line' id='line_1_17' title="bbox 150 1860 1337 1941; baseline -0.001 -20"><span class='ocrx_word' id='word_1_144' title='bbox 150 1862 305 1938; x_wconf 65' lang='lat' dir='ltr'><strong>pradicats·</strong></span> <span class='ocrx_word' id='word_1_145' title='bbox 344 1865 452 1941; x_wconf 87' lang='lat' dir='ltr'><strong>“Ergo</strong></span> <span class='ocrx_word' id='word_1_146' title='bbox 473 1863 645 1923; x_wconf 86' lang='lat' dir='ltr'><strong>Cathedram</strong></span> <span class='ocrx_word' id='word_1_147' title='bbox 667 1860 868 1936; x_wconf 65' lang='lat' dir='ltr'><strong>unicam,‘qnae</strong></span> <span class='ocrx_word' id='word_1_148' title='bbox 889 1874 933 1921; x_wconf 91' lang='lat' dir='ltr'><strong>est</strong></span> <span class='ocrx_word' id='word_1_149' title='bbox 953 1864 1045 1940; x_wconf 89' lang='lat' dir='ltr'><strong>prima</strong></span> <span class='ocrx_word' id='word_1_150' title='bbox 1064 1863 1099 1921; x_wconf 90' lang='lat' dir='ltr'><strong>de</strong></span> <span class='ocrx_word' id='word_1_151' title='bbox 1120 1864 1242 1931; x_wconf 90' lang='lat' dir='ltr'><strong>dotibus,</strong></span> <span class='ocrx_word' id='word_1_152' title='bbox 1264 1863 1337 1922; x_wconf 81' lang='lat' dir='ltr'><strong>cedit</strong></span> 
     </span>
     <span class='ocr_line' id='line_1_18' title="bbox 151 1948 1336 2036; baseline -0.002 -18"><span class='ocrx_word' id='word_1_153' title='bbox 151 1958 227 2036; x_wconf 83' lang='lat' dir='ltr'><strong>prior</strong></span> <span class='ocrx_word' id='word_1_154' title='bbox 240 1952 353 2028; x_wconf 78' lang='lat' dir='ltr'><strong>Petrus,</strong></span> <span class='ocrx_word' id='word_1_155' title='bbox 365 1961 411 2019; x_wconf 92' lang='lat' dir='ltr'><strong>cni</strong></span> <span class='ocrx_word' id='word_1_156' title='bbox 425 1961 563 2019; x_wconf 90' lang='lat' dir='ltr'><strong>successit</strong></span> <span class='ocrx_word' id='word_1_157' title='bbox 576 1961 666 2019; x_wconf 83' lang='lat' dir='ltr'><strong>Linus</strong></span> <span class='ocrx_word' id='word_1_158' title='bbox 688 1965 704 1997; x_wconf 69' lang='lat'><strong>³*</strong></span> <span class='ocrx_word' id='word_1_159' title='bbox 724 1964 741 2000; x_wconf 73' lang='lat'><strong>¹*</strong></span> <span class='ocrx_word' id='word_1_160' title='bbox 761 1964 777 1998; x_wconf 75' lang='lat'><strong>¹*</strong></span> <span class='ocrx_word' id='word_1_161' title='bbox 798 1961 924 2019; x_wconf 86' lang='lat' dir='ltr'><strong>Damaso</strong></span> <span class='ocrx_word' id='word_1_162' title='bbox 937 1948 1068 2027; x_wconf 73' lang='lat' dir='ltr'><strong>Siricius,</strong></span> <span class='ocrx_word' id='word_1_163' title='bbox 1081 1959 1165 2018; x_wconf 87' lang='lat' dir='ltr'><strong>hodie</strong></span> <span class='ocrx_word' id='word_1_164' title='bbox 1178 1961 1226 2033; x_wconf 91' lang='lat' dir='ltr'><strong>qni</strong></span> <span class='ocrx_word' id='word_1_165' title='bbox 1241 1969 1336 2017; x_wconf 88' lang='lat' dir='ltr'><strong>noster</strong></span> 
     </span>
     <span class='ocr_line' id='line_1_19' title="bbox 153 2046 1336 2131; baseline -0.003 -18"><span class='ocrx_word' id='word_1_166' title='bbox 153 2064 194 2113; x_wconf 84' lang='lat' dir='ltr'><strong>cst</strong></span> <span class='ocrx_word' id='word_1_167' title='bbox 206 2046 314 2131; x_wconf 73' lang='lat' dir='ltr'><strong>socius,</strong></span> <span class='ocrx_word' id='word_1_168' title='bbox 330 2074 394 2114; x_wconf 91' lang='lat' dir='ltr'><strong>cnm</strong></span> <span class='ocrx_word' id='word_1_169' title='bbox 410 2075 467 2129; x_wconf 90' lang='lat' dir='ltr'><strong>qno</strong></span> <span class='ocrx_word' id='word_1_170' title='bbox 487 2057 635 2115; x_wconf 85' lang='lat' dir='ltr'><strong>nobiscum</strong></span> <span class='ocrx_word' id='word_1_171' title='bbox 656 2067 731 2117; x_wconf 85' lang='lat' dir='ltr'><strong>totus</strong></span> <span class='ocrx_word' id='word_1_172' title='bbox 751 2057 827 2116; x_wconf 86' lang='lat' dir='ltr'><strong>orbis</strong></span> <span class='ocrx_word' id='word_1_173' title='bbox 848 2057 1020 2114; x_wconf 89' lang='lat' dir='ltr'><strong>commercio</strong></span> <span class='ocrx_word' id='word_1_174' title='bbox 1041 2056 1222 2115; x_wconf 87' lang='lat' dir='ltr'><strong>lormatamm</strong></span> <span class='ocrx_word' id='word_1_175' title='bbox 1236 2055 1266 2112; x_wconf 94' lang='lat' dir='ltr'><strong>in</strong></span> <span class='ocrx_word' id='word_1_176' title='bbox 1279 2072 1336 2111; x_wconf 90' lang='lat' dir='ltr'><strong>una</strong></span> 
     </span>
     <span class='ocr_line' id='line_1_20' title="bbox 149 2143 719 2210; baseline 0 -1"><span class='ocrx_word' id='word_1_177' title='bbox 149 2143 360 2209; x_wconf 81' lang='lat' dir='ltr'><strong>communionis</strong></span> <span class='ocrx_word' id='word_1_178' title='bbox 374 2151 508 2209; x_wconf 86' lang='lat' dir='ltr'><strong>societate</strong></span> <span class='ocrx_word' id='word_1_179' title='bbox 522 2150 719 2210; x_wconf 82' lang='lat' dir='ltr'><strong>concordat.&#39;’⁵</strong></span> 
     </span>
    </p>

    <p class='ocr_par' dir='ltr' id='par_1_4' title="bbox 140 2246 1367 2906">
     <span class='ocr_line' id='line_1_21' title="bbox 190 2246 1336 2329; baseline 0 -23"><span class='ocrx_word' id='word_1_180' title='bbox 190 2246 259 2328; x_wconf 82' lang='lat' dir='ltr'><strong>otj.</strong></span> <span class='ocrx_word' id='word_1_181' title='bbox 282 2247 327 2307; x_wconf 88' lang='lat' dir='ltr'><strong>Dc</strong></span> <span class='ocrx_word' id='word_1_182' title='bbox 341 2249 405 2325; x_wconf 90' lang='lat' dir='ltr'><strong>ipso</strong></span> <span class='ocrx_word' id='word_1_183' title='bbox 426 2249 539 2307; x_wconf 77' lang='lat' dir='ltr'><strong>unitatis</strong></span> <span class='ocrx_word' id='word_1_184' title='bbox 561 2249 702 2326; x_wconf 83' lang='lat' dir='ltr'><strong>principio</strong></span> <span class='ocrx_word' id='word_1_185' title='bbox 722 2246 893 2325; x_wconf 83' lang='lat' dir='ltr'><strong>disceptatur</strong></span> <span class='ocrx_word' id='word_1_186' title='bbox 912 2250 986 2329; x_wconf 86' lang='lat' dir='ltr'><strong>apud</strong></span> <span class='ocrx_word' id='word_1_187' title='bbox 1001 2250 1177 2319; x_wconf 73' lang='lat' dir='ltr'><strong>catholicos,</strong></span> <span class='ocrx_word' id='word_1_188' title='bbox 1192 2249 1336 2309; x_wconf 78' lang='lat' dir='ltr'><strong>nonnullis</strong></span> 
     </span>
     <span class='ocr_line' id='line_1_22' title="bbox 150 2344 1336 2425; baseline 0.001 -19"><span class='ocrx_word' id='word_1_189' title='bbox 150 2344 330 2415; x_wconf 71' lang='lat' dir='ltr'><strong>lonufieiam</strong></span> <span class='ocrx_word' id='word_1_190' title='bbox 341 2347 521 2405; x_wconf 84' lang='lat' dir='ltr'><strong>inerrantium</strong></span> <span class='ocrx_word' id='word_1_191' title='bbox 533 2348 785 2425; x_wconf 72' lang='lat' dir='ltr'><strong>propugnantibus,</strong></span> <span class='ocrx_word' id='word_1_192' title='bbox 798 2347 860 2405; x_wconf 87' lang='lat' dir='ltr'><strong>aliis</strong></span> <span class='ocrx_word' id='word_1_193' title='bbox 869 2347 1068 2408; x_wconf 71' lang='lat' dir='ltr'><strong>conciliorum</strong></span> <span class='ocrx_word' id='word_1_194' title='bbox 1080 2348 1336 2407; x_wconf 87' lang='lat' dir='ltr'><strong>OEcumenicorum</strong></span> 
     </span>
     <span class='ocr_line' id='line_1_23' title="bbox 150 2439 1336 2527; baseline 0.002 -26"><span class='ocrx_word' id='word_1_195' title='bbox 150 2439 324 2501; x_wconf 78' lang='lat' dir='ltr'><strong>infallibilem</strong></span> <span class='ocrx_word' id='word_1_196' title='bbox 345 2443 547 2511; x_wconf 84' lang='lat' dir='ltr'><strong>auctoritatem,</strong></span> <span class='ocrx_word' id='word_1_197' title='bbox 569 2444 632 2501; x_wconf 89' lang='lat' dir='ltr'><strong>aliis</strong></span> <span class='ocrx_word' id='word_1_198' title='bbox 653 2443 823 2502; x_wconf 81' lang='lat' dir='ltr'><strong>Pontificem</strong></span> <span class='ocrx_word' id='word_1_199' title='bbox 843 2462 908 2503; x_wconf 88' lang='lat' dir='ltr'><strong>cum</strong></span> <span class='ocrx_word' id='word_1_200' title='bbox 924 2443 1065 2513; x_wconf 85' lang='lat' dir='ltr'><strong>Concilio,</strong></span> <span class='ocrx_word' id='word_1_201' title='bbox 1076 2446 1144 2527; x_wconf 80' lang='lat' dir='ltr'><strong>¹aliis</strong></span> <span class='ocrx_word' id='word_1_202' title='bbox 1165 2445 1336 2504; x_wconf 86' lang='lat' dir='ltr'><strong>Pontificem</strong></span> 
     </span>
     <span class='ocr_line' id='line_1_24' title="bbox 146 2539 1336 2619; baseline 0 -20"><span class='ocrx_word' id='word_1_203' title='bbox 146 2556 211 2599; x_wconf 76' lang='lat' dir='ltr'><strong>snm</strong></span> <span class='ocrx_word' id='word_1_204' title='bbox 234 2539 391 2617; x_wconf 86' lang='lat' dir='ltr'><strong>Episcopis</strong></span> <span class='ocrx_word' id='word_1_205' title='bbox 411 2541 571 2617; x_wconf 77' lang='lat' dir='ltr'><strong>pernibent</strong></span> <span class='ocrx_word' id='word_1_206' title='bbox 585 2539 733 2618; x_wconf 89' lang='lat' dir='ltr'><strong>dispersis.</strong></span> <span class='ocrx_word' id='word_1_207' title='bbox 775 2540 820 2600; x_wconf 89' lang='lat' dir='ltr'><strong>De</strong></span> <span class='ocrx_word' id='word_1_208' title='bbox 833 2540 975 2600; x_wconf 85' lang='lat' dir='ltr'><strong>Conciliis</strong></span> <span class='ocrx_word' id='word_1_209' title='bbox 989 2543 1074 2601; x_wconf 85' lang='lat' dir='ltr'><strong>ctiam</strong></span> <span class='ocrx_word' id='word_1_210' title='bbox 1090 2542 1247 2619; x_wconf 86' lang='lat' dir='ltr'><strong>disputatur</strong></span> <span class='ocrx_word' id='word_1_211' title='bbox 1261 2555 1336 2614; x_wconf 77' lang='lat' dir='ltr'><strong>qnie-</strong></span> 
     </span>
     <span class='ocr_line' id='line_1_25' title="bbox 145 2621 1367 2704; baseline 0 -11"><span class='ocrx_word' id='word_1_212' title='bbox 145 2648 214 2695; x_wconf 84' lang='lat' dir='ltr'><strong>uam</strong></span> <span class='ocrx_word' id='word_1_213' title='bbox 227 2621 288 2694; x_wconf 84' lang='lat' dir='ltr'><strong>sint</strong></span> <span class='ocrx_word' id='word_1_214' title='bbox 301 2635 500 2704; x_wconf 85' lang='lat' dir='ltr'><strong>(Ecumeniea,</strong></span> <span class='ocrx_word' id='word_1_215' title='bbox 513 2636 607 2693; x_wconf 82' lang='lat' dir='ltr'><strong>Gallis</strong></span> <span class='ocrx_word' id='word_1_216' title='bbox 623 2636 842 2696; x_wconf 82' lang='lat' dir='ltr'><strong>Constantiensc</strong></span> <span class='ocrx_word' id='word_1_217' title='bbox 854 2647 884 2695; x_wconf 87' lang='lat' dir='ltr'><strong>et</strong></span> <span class='ocrx_word' id='word_1_218' title='bbox 905 2638 1070 2696; x_wconf 87' lang='lat' dir='ltr'><strong>Basileense</strong></span> <span class='ocrx_word' id='word_1_219' title='bbox 1089 2629 1240 2704; x_wconf 88' lang='lat' dir='ltr'><strong>tuentibus,</strong></span> <span class='ocrx_word' id='word_1_220' title='bbox 1255 2636 1334 2695; x_wconf 86' lang='lat' dir='ltr'><strong>Italis</strong></span> <span class='ocrx_word' id='word_1_221' title='bbox 1364 2668 1367 2674; x_wconf 92' lang='lat'>·</span> 
     </span>
     <span class='ocr_line' id='line_1_26' title="bbox 143 2726 1336 2813; baseline -0.002 -24"><span class='ocrx_word' id='word_1_222' title='bbox 143 2726 340 2813; x_wconf 57' lang='lat' dir='ltr'><strong>laudunense</strong></span> <span class='ocrx_word' id='word_1_223' title='bbox 354 2731 391 2789; x_wconf 91' lang='lat' dir='ltr'><strong>V.</strong></span> <span class='ocrx_word' id='word_1_224' title='bbox 407 2742 435 2788; x_wconf 84' lang='lat' dir='ltr'><strong>et</strong></span> <span class='ocrx_word' id='word_1_225' title='bbox 446 2728 658 2791; x_wconf 70' lang='lat' dir='ltr'><strong>Tridentinum.</strong></span> <span class='ocrx_word' id='word_1_226' title='bbox 699 2731 860 2791; x_wconf 80' lang='lat' dir='ltr'><strong>innumeras</strong></span> <span class='ocrx_word' id='word_1_227' title='bbox 879 2732 942 2797; x_wconf 80' lang='lat' dir='ltr'><strong>lites</strong></span> <span class='ocrx_word' id='word_1_228' title='bbox 956 2733 1095 2808; x_wconf 83' lang='lat' dir='ltr'><strong>agitantur</strong></span> <span class='ocrx_word' id='word_1_229' title='bbox 1108 2732 1143 2788; x_wconf 92' lang='lat' dir='ltr'><strong>de</strong></span> <span class='ocrx_word' id='word_1_230' title='bbox 1157 2733 1246 2808; x_wconf 88' lang='lat' dir='ltr'><strong>gratia</strong></span> <span class='ocrx_word' id='word_1_231' title='bbox 1259 2741 1287 2788; x_wconf 89' lang='lat' dir='ltr'><strong>et</strong></span> <span class='ocrx_word' id='word_1_232' title='bbox 1300 2729 1336 2788; x_wconf 88' lang='lat' dir='ltr'><strong>de</strong></span> 
     </span>
     <span class='ocr_line' id='line_1_27' title="bbox 140 2814 1335 2906; baseline -0.005 -17"><span class='ocrx_word' id='word_1_233' title='bbox 140 2814 405 2903; x_wconf 55' lang='lat' dir='ltr'><strong>predestinatione,</strong></span> <span class='ocrx_word' id='word_1_234' title='bbox 421 2827 456 2887; x_wconf 88' lang='lat' dir='ltr'><strong>de</strong></span> <span class='ocrx_word' id='word_1_235' title='bbox 477 2828 693 2896; x_wconf 83' lang='lat' dir='ltr'><strong>Probabilismo,</strong></span> <span class='ocrx_word' id='word_1_236' title='bbox 710 2837 738 2885; x_wconf 91' lang='lat' dir='ltr'><strong>et</strong></span> <span class='ocrx_word' id='word_1_237' title='bbox 758 2828 793 2887; x_wconf 89' lang='lat' dir='ltr'><strong>dc</strong></span> <span class='ocrx_word' id='word_1_238' title='bbox 814 2828 933 2906; x_wconf 88' lang='lat' dir='ltr'><strong>singulis</strong></span> <span class='ocrx_word' id='word_1_239' title='bbox 954 2829 1012 2886; x_wconf 87' lang='lat' dir='ltr'><strong>sere</strong></span> <span class='ocrx_word' id='word_1_240' title='bbox 1033 2827 1152 2886; x_wconf 86' lang='lat' dir='ltr'><strong>Ethices</strong></span> <span class='ocrx_word' id='word_1_241' title='bbox 1176 2822 1335 2904; x_wconf 71' lang='lat' dir='ltr'><strong>principiis,</strong></span> 
     </span>
    </p>

    <p class='ocr_par' dir='ltr' id='par_1_5' title="bbox 128 2922 1335 3277">
     <span class='ocr_line' id='line_1_28' title="bbox 135 2922 1335 3002; baseline -0.003 -19"><span class='ocrx_word' id='word_1_242' title='bbox 135 2922 305 2985; x_wconf 79' lang='lat' dir='ltr'><strong>Ordinibus</strong></span> <span class='ocrx_word' id='word_1_243' title='bbox 319 2924 473 3002; x_wconf 80' lang='lat' dir='ltr'><strong>Religiosis</strong></span> <span class='ocrx_word' id='word_1_244' title='bbox 487 2925 654 3001; x_wconf 90' lang='lat' dir='ltr'><strong>plerumque</strong></span> <span class='ocrx_word' id='word_1_245' title='bbox 668 2935 855 3002; x_wconf 84' lang='lat' dir='ltr'><strong>systematum</strong></span> <span class='ocrx_word' id='word_1_246' title='bbox 869 2923 1055 2998; x_wconf 87' lang='lat' dir='ltr'><strong>quorumdam</strong></span> <span class='ocrx_word' id='word_1_247' title='bbox 1073 2923 1259 3000; x_wconf 86' lang='lat' dir='ltr'><strong>patrocinium</strong></span> <span class='ocrx_word' id='word_1_248' title='bbox 1273 2942 1335 2983; x_wconf 87' lang='lat' dir='ltr'><strong>sus·</strong></span> 
     </span>
     <span class='ocr_line' id='line_1_29' title="bbox 132 3020 1335 3101; baseline 0 -21"><span class='ocrx_word' id='word_1_249' title='bbox 132 3022 331 3101; x_wconf 79' lang='lat' dir='ltr'><strong>cipieutibus,</strong></span> <span class='ocrx_word' id='word_1_250' title='bbox 347 3032 375 3079; x_wconf 91' lang='lat' dir='ltr'><strong>et</strong></span> <span class='ocrx_word' id='word_1_251' title='bbox 394 3041 446 3099; x_wconf 90' lang='lat' dir='ltr'><strong>pro</strong></span> <span class='ocrx_word' id='word_1_252' title='bbox 467 3023 533 3090; x_wconf 87' lang='lat' dir='ltr'><strong>aris,</strong></span> <span class='ocrx_word' id='word_1_253' title='bbox 555 3022 682 3094; x_wconf 81' lang='lat' dir='ltr'><strong>focisque</strong></span> <span class='ocrx_word' id='word_1_254' title='bbox 704 3023 900 3100; x_wconf 70' lang='lat' dir='ltr'><strong>pugnantibus·</strong></span> <span class='ocrx_word' id='word_1_255' title='bbox 914 3032 1011 3081; x_wconf 87' lang='lat' dir='ltr'><strong>contra</strong></span> <span class='ocrx_word' id='word_1_256' title='bbox 1030 3040 1062 3078; x_wconf 90' lang='lat' dir='ltr'><strong>se</strong></span> <span class='ocrx_word' id='word_1_257' title='bbox 1083 3021 1216 3081; x_wconf 81' lang='lat' dir='ltr'><strong>invicem.</strong></span> <span class='ocrx_word' id='word_1_258' title='bbox 1258 3020 1335 3081; x_wconf 84' lang='lat' dir='ltr'><strong>Hinc</strong></span> 
     </span>
     <span class='ocr_line' id='line_1_30' title="bbox 130 3116 1335 3194; baseline -0.003 -14"><span class='ocrx_word' id='word_1_259' title='bbox 130 3116 321 3186; x_wconf 75' lang='lat' dir='ltr'><strong>Themistae,</strong></span> <span class='ocrx_word' id='word_1_260' title='bbox 336 3119 534 3194; x_wconf 81' lang='lat' dir='ltr'><strong>Augustiniani</strong></span> <span class='ocrx_word' id='word_1_261' title='bbox 556 3117 721 3187; x_wconf 84' lang='lat' dir='ltr'><strong>Molinistoe,</strong></span> <span class='ocrx_word' id='word_1_262' title='bbox 735 3119 869 3186; x_wconf 81' lang='lat' dir='ltr'><strong>Scotistae</strong></span> <span class='ocrx_word' id='word_1_263' title='bbox 883 3127 911 3177; x_wconf 90' lang='lat' dir='ltr'><strong>et</strong></span> <span class='ocrx_word' id='word_1_264' title='bbox 925 3119 985 3178; x_wconf 73' lang='lat' dir='ltr'><strong>alic</strong></span> <span class='ocrx_word' id='word_1_265' title='bbox 1000 3119 1091 3177; x_wconf 68' lang='lat' dir='ltr'><strong>Sectis</strong></span> <span class='ocrx_word' id='word_1_266' title='bbox 1106 3119 1136 3177; x_wconf 89' lang='lat' dir='ltr'><strong>in</strong></span> <span class='ocrx_word' id='word_1_267' title='bbox 1147 3120 1215 3177; x_wconf 88' lang='lat' dir='ltr'><strong>sinu</strong></span> <span class='ocrx_word' id='word_1_268' title='bbox 1235 3118 1335 3177; x_wconf 87' lang='lat' dir='ltr'><strong>Eccle-</strong></span> 
     </span>
     <span class='ocr_line' id='line_1_31' title="bbox 128 3214 509 3277; baseline 0.008 -4"><span class='ocrx_word' id='word_1_269' title='bbox 128 3219 197 3276; x_wconf 71' lang='lat' dir='ltr'><strong>aio</strong></span> <span class='ocrx_word' id='word_1_270' title='bbox 214 3215 351 3275; x_wconf 74' lang='lat' dir='ltr'><strong>Romane</strong></span> <span class='ocrx_word' id='word_1_271' title='bbox 371 3214 509 3277; x_wconf 81' lang='lat' dir='ltr'><strong>foventur..</strong></span> 
     </span>
    </p>

    <p class='ocr_par' dir='ltr' id='par_1_6' title="bbox 128 3310 1335 4075">
     <span class='ocr_line' id='line_1_32' title="bbox 184 3310 1334 3391; baseline -0.006 -18"><span class='ocrx_word' id='word_1_272' title='bbox 184 3310 277 3391; x_wconf 72' lang='lat' dir='ltr'><strong>trop.</strong></span> <span class='ocrx_word' id='word_1_273' title='bbox 300 3312 418 3370; x_wconf 81' lang='lat' dir='ltr'><strong>Summa</strong></span> <span class='ocrx_word' id='word_1_274' title='bbox 431 3321 475 3369; x_wconf 86' lang='lat' dir='ltr'><strong>est</strong></span> <span class='ocrx_word' id='word_1_275' title='bbox 488 3310 616 3371; x_wconf 83' lang='lat' dir='ltr'><strong>omniurn</strong></span> <span class='ocrx_word' id='word_1_276' title='bbox 630 3312 843 3374; x_wconf 76' lang='lat' dir='ltr'><strong>catholicorum</strong></span> <span class='ocrx_word' id='word_1_277' title='bbox 865 3314 1016 3373; x_wconf 86' lang='lat' dir='ltr'><strong>concordia</strong></span> <span class='ocrx_word' id='word_1_278' title='bbox 1033 3315 1062 3371; x_wconf 89' lang='lat' dir='ltr'><strong>in</strong></span> <span class='ocrx_word' id='word_1_279' title='bbox 1076 3312 1143 3370; x_wconf 83' lang='lat' dir='ltr'><strong>fidei</strong></span> <span class='ocrx_word' id='word_1_280' title='bbox 1157 3311 1290 3377; x_wconf 83' lang='lat' dir='ltr'><strong>articulis,</strong></span> <span class='ocrx_word' id='word_1_281' title='bbox 1306 3321 1334 3368; x_wconf 86' lang='lat' dir='ltr'><strong>et</strong></span> 
     </span>
     <span class='ocr_line' id='line_1_33' title="bbox 133 3408 1334 3487; baseline -0.006 -18"><span class='ocrx_word' id='word_1_282' title='bbox 133 3408 326 3487; x_wconf 78' lang='lat' dir='ltr'><strong>dogmatibus</strong></span> <span class='ocrx_word' id='word_1_283' title='bbox 337 3409 480 3476; x_wconf 86' lang='lat' dir='ltr'><strong>omnibus,</strong></span> <span class='ocrx_word' id='word_1_284' title='bbox 489 3418 520 3466; x_wconf 87' lang='lat' dir='ltr'><strong>et</strong></span> <span class='ocrx_word' id='word_1_285' title='bbox 530 3409 560 3466; x_wconf 87' lang='lat' dir='ltr'><strong>in</strong></span> <span class='ocrx_word' id='word_1_286' title='bbox 571 3409 635 3485; x_wconf 88' lang='lat' dir='ltr'><strong>ipso</strong></span> <span class='ocrx_word' id='word_1_287' title='bbox 646 3411 759 3467; x_wconf 89' lang='lat' dir='ltr'><strong>unitatis</strong></span> <span class='ocrx_word' id='word_1_288' title='bbox 771 3410 926 3487; x_wconf 86' lang='lat' dir='ltr'><strong>principio:</strong></span> <span class='ocrx_word' id='word_1_289' title='bbox 948 3409 1166 3487; x_wconf 38' lang='lat' dir='ltr'><strong>omnes-‘quippe</strong></span> <span class='ocrx_word' id='word_1_290' title='bbox 1178 3417 1334 3480; x_wconf 86' lang='lat' dir='ltr'><strong>agnoscunt</strong></span> 
     </span>
     <span class='ocr_line' id='line_1_34' title="bbox 136 3489 1333 3581; baseline -0.004 -18"><span class='ocrx_word' id='word_1_291' title='bbox 136 3492 329 3570; x_wconf 71' lang='lat' dir='ltr'><strong>definitiones</strong></span> <span class='ocrx_word' id='word_1_292' title='bbox 349 3504 410 3581; x_wconf 83' lang='lat' dir='ltr'><strong>jam</strong></span> <span class='ocrx_word' id='word_1_293' title='bbox 429 3524 448 3561; x_wconf 88' lang='lat' dir='ltr'><strong>a</strong></span> <span class='ocrx_word' id='word_1_294' title='bbox 465 3502 601 3562; x_wconf 81' lang='lat' dir='ltr'><strong>Concilio</strong></span> <span class='ocrx_word' id='word_1_295' title='bbox 625 3503 803 3572; x_wconf 86' lang='lat' dir='ltr'><strong>Tridentino,</strong></span> <span class='ocrx_word' id='word_1_296' title='bbox 826 3505 944 3578; x_wconf 86' lang='lat' dir='ltr'><strong>aliisque</strong></span> <span class='ocrx_word' id='word_1_297' title='bbox 970 3489 1110 3562; x_wconf 86' lang='lat' dir='ltr'><strong>Conciliis</strong></span> <span class='ocrx_word' id='word_1_298' title='bbox 1136 3501 1333 3560; x_wconf 89' lang='lat' dir='ltr'><strong>OEcumenicis</strong></span> 
     </span>
     <span class='ocr_line' id='line_1_35' title="bbox 134 3596 1335 3677; baseline -0.002 -18"><span class='ocrx_word' id='word_1_299' title='bbox 134 3596 232 3671; x_wconf 84' lang='lat' dir='ltr'><strong>latas,</strong></span> <span class='ocrx_word' id='word_1_300' title='bbox 244 3600 289 3659; x_wconf 85' lang='lat' dir='ltr'><strong>rel</strong></span> <span class='ocrx_word' id='word_1_301' title='bbox 302 3620 319 3657; x_wconf 90' lang='lat' dir='ltr'><strong>a</strong></span> <span class='ocrx_word' id='word_1_302' title='bbox 332 3600 529 3670; x_wconf 84' lang='lat' dir='ltr'><strong>Pontificibus,</strong></span> <span class='ocrx_word' id='word_1_303' title='bbox 543 3608 572 3658; x_wconf 88' lang='lat' dir='ltr'><strong>et</strong></span> <span class='ocrx_word' id='word_1_304' title='bbox 585 3600 619 3656; x_wconf 88' lang='lat' dir='ltr'><strong>ab</strong></span> <span class='ocrx_word' id='word_1_305' title='bbox 633 3599 764 3657; x_wconf 87' lang='lat' dir='ltr'><strong>Ecclesia</strong></span> <span class='ocrx_word' id='word_1_306' title='bbox 777 3610 913 3677; x_wconf 83' lang='lat' dir='ltr'><strong>receptas.</strong></span> <span class='ocrx_word' id='word_1_307' title='bbox 955 3602 1121 3676; x_wconf 77' lang='lat' dir='ltr'><strong>Agnoscunt</strong></span> <span class='ocrx_word' id='word_1_308' title='bbox 1134 3597 1251 3674; x_wconf 80' lang='lat' dir='ltr'><strong>insuper</strong></span> <span class='ocrx_word' id='word_1_309' title='bbox 1258 3597 1335 3677; x_wconf 83' lang='lat' dir='ltr'><strong>judi·</strong></span> 
     </span>
     <span class='ocr_line' id='line_1_36' title="bbox 128 3688 1332 3785; baseline -0.004 -29"><span class='ocrx_word' id='word_1_310' title='bbox 128 3695 448 3757; x_wconf 70' lang='lat' dir='ltr'><strong>scium-Conciliorum</strong></span> <span class='ocrx_word' id='word_1_311' title='bbox 473 3688 736 3762; x_wconf 83' lang='lat' dir='ltr'><strong>(Ecumenicomm,</strong></span> <span class='ocrx_word' id='word_1_312' title='bbox 766 3694 914 3754; x_wconf 77' lang='lat' dir='ltr'><strong>Pontificio</strong></span> <span class='ocrx_word' id='word_1_313' title='bbox 942 3695 1093 3752; x_wconf 84' lang='lat' dir='ltr'><strong>munitum</strong></span> <span class='ocrx_word' id='word_1_314' title='bbox 1109 3692 1332 3785; x_wconf 37' lang='lat' dir='ltr'><strong>confirmati*</strong></span> 
     </span>
     <span class='ocr_line' id='line_1_37' title="bbox 135 3780 1331 3875; baseline -0.004 -20"><span class='ocrx_word' id='word_1_315' title='bbox 135 3812 317 3874; x_wconf 50' lang='lat' dir='ltr'><strong>supremum</strong></span> <span class='ocrx_word' id='word_1_316' title='bbox 331 3812 395 3853; x_wconf 86' lang='lat' dir='ltr'><strong>esse</strong></span> <span class='ocrx_word' id='word_1_317' title='bbox 409 3794 455 3851; x_wconf 92' lang='lat' dir='ltr'><strong>cui</strong></span> <span class='ocrx_word' id='word_1_318' title='bbox 469 3812 553 3852; x_wconf 86' lang='lat' dir='ltr'><strong>nemo</strong></span> <span class='ocrx_word' id='word_1_319' title='bbox 568 3794 597 3851; x_wconf 94' lang='lat' dir='ltr'><strong>in</strong></span> <span class='ocrx_word' id='word_1_320' title='bbox 611 3812 641 3851; x_wconf 87' lang='lat' dir='ltr'><strong>re</strong></span> <span class='ocrx_word' id='word_1_321' title='bbox 655 3793 724 3852; x_wconf 88' lang='lat' dir='ltr'><strong>fidei</strong></span> <span class='ocrx_word' id='word_1_322' title='bbox 736 3794 842 3875; x_wconf 84' lang='lat' dir='ltr'><strong>absque</strong></span> <span class='ocrx_word' id='word_1_323' title='bbox 856 3793 997 3853; x_wconf 74' lang='lat' dir='ltr'><strong>hereseos</strong></span> <span class='ocrx_word' id='word_1_324' title='bbox 1008 3801 1074 3848; x_wconf 86' lang='lat' dir='ltr'><strong>nota</strong></span> <span class='ocrx_word' id='word_1_325' title='bbox 1085 3791 1213 3867; x_wconf 79' lang='lat' dir='ltr'><strong>reluctari</strong></span> <span class='ocrx_word' id='word_1_326' title='bbox 1227 3780 1331 3850; x_wconf 67' lang='lat' dir='ltr'><strong>vilent:</strong></span> 
     </span>
     <span class='ocr_line' id='line_1_38' title="bbox 128 3888 1331 3966; baseline 0 -15"><span class='ocrx_word' id='word_1_327' title='bbox 128 3890 336 3966; x_wconf 63' lang='lat' dir='ltr'><strong>eamdemque</strong></span> <span class='ocrx_word' id='word_1_328' title='bbox 350 3891 408 3949; x_wconf 87' lang='lat' dir='ltr'><strong>vim</strong></span> <span class='ocrx_word' id='word_1_329' title='bbox 428 3890 548 3950; x_wconf 81' lang='lat' dir='ltr'><strong>solamni</strong></span> <span class='ocrx_word' id='word_1_330' title='bbox 570 3891 716 3950; x_wconf 87' lang='lat' dir='ltr'><strong>Pontificis</strong></span> <span class='ocrx_word' id='word_1_331' title='bbox 738 3890 894 3949; x_wconf 86' lang='lat' dir='ltr'><strong>definitioni</strong></span> <span class='ocrx_word' id='word_1_332' title='bbox 915 3891 949 3947; x_wconf 90' lang='lat' dir='ltr'><strong>ab</strong></span> <span class='ocrx_word' id='word_1_333' title='bbox 969 3889 1180 3966; x_wconf 86' lang='lat' dir='ltr'><strong>Episcopomm</strong></span> <span class='ocrx_word' id='word_1_334' title='bbox 1200 3888 1331 3966; x_wconf 78' lang='lat' dir='ltr'><strong>collegio.</strong></span> 
     </span>
     <span class='ocr_line' id='line_1_39' title="bbox 132 3980 1330 4075; baseline -0.002 -28"><span class='ocrx_word' id='word_1_335' title='bbox 132 3990 193 4049; x_wconf 70' lang='lat' dir='ltr'><strong>vel</strong></span> <span class='ocrx_word' id='word_1_336' title='bbox 205 3990 238 4049; x_wconf 87' lang='lat' dir='ltr'><strong>in</strong></span> <span class='ocrx_word' id='word_1_337' title='bbox 253 3987 395 4059; x_wconf 83' lang='lat' dir='ltr'><strong>Concilio,</strong></span> <span class='ocrx_word' id='word_1_338' title='bbox 410 3988 455 4046; x_wconf 87' lang='lat' dir='ltr'><strong>vcl</strong></span> <span class='ocrx_word' id='word_1_339' title='bbox 465 3989 494 4046; x_wconf 94' lang='lat' dir='ltr'><strong>in</strong></span> <span class='ocrx_word' id='word_1_340' title='bbox 509 3988 569 4063; x_wconf 84' lang='lat' dir='ltr'><strong>suis</strong></span> <span class='ocrx_word' id='word_1_341' title='bbox 583 3988 697 4047; x_wconf 87' lang='lat' dir='ltr'><strong>sedibus</strong></span> <span class='ocrx_word' id='word_1_342' title='bbox 711 3999 837 4065; x_wconf 30' lang='lat' dir='ltr'><strong>excepto,</strong></span> <span class='ocrx_word' id='word_1_343' title='bbox 846 3988 951 4067; x_wconf 78' lang='lat' dir='ltr'><strong>inesse,</strong></span> <span class='ocrx_word' id='word_1_344' title='bbox 961 3980 1067 4046; x_wconf 76' lang='lat' dir='ltr'><strong>omisca·</strong></span> <span class='ocrx_word' id='word_1_345' title='bbox 1077 3984 1177 4045; x_wconf 83' lang='lat' dir='ltr'><strong>eodem</strong></span> <span class='ocrx_word' id='word_1_346' title='bbox 1190 3980 1330 4075; x_wconf 77' lang='lat' dir='ltr'><strong>consensu</strong></span> 
     </span>
    </p>
   </div>
   <div class='ocr_carea' id='block_1_3' title="bbox 123 4220 1153 4643">
    <p class='ocr_par' dir='ltr' id='par_1_7' title="bbox 123 4220 1153 4643">
     <span class='ocr_line' id='line_1_40' title="bbox 123 4220 539 4311; baseline -0.014 -20"><span class='ocrx_word' id='word_1_347' title='bbox 123 4232 128 4239; x_wconf 61' lang='lat'><strong>¹</strong></span> <span class='ocrx_word' id='word_1_348' title='bbox 173 4288 176 4297; x_wconf 83' lang='grc'><strong>,</strong></span> <span class='ocrx_word' id='word_1_349' title='bbox 216 4220 219 4225; x_wconf 43' lang='grc'>’</span> <span class='ocrx_word' id='word_1_350' title='bbox 292 4236 346 4311; x_wconf 76' lang='grc' dir='ltr'><strong>Ι,(1)</strong></span> <span class='ocrx_word' id='word_1_351' title='bbox 363 4235 539 4300; x_wconf 78' lang='lat' dir='ltr'><strong>Suprap.163.</strong></span> 
     </span>
     <span class='ocr_line' id='line_1_41' title="bbox 270 4306 1153 4387; baseline -0.003 -16"><span class='ocrx_word' id='word_1_352' title='bbox 270 4374 272 4379; x_wconf 77' lang='grc'>,</span> <span class='ocrx_word' id='word_1_353' title='bbox 299 4306 349 4383; x_wconf 66' lang='lat' dir='ltr'><strong>ia)</strong></span> <span class='ocrx_word' id='word_1_354' title='bbox 364 4321 481 4387; x_wconf 75' lang='lat' dir='ltr'><strong>Cyprias.</strong></span> <span class='ocrx_word' id='word_1_355' title='bbox 491 4308 566 4369; x_wconf 64' lang='lat' dir='ltr'><strong>coin.</strong></span> <span class='ocrx_word' id='word_1_356' title='bbox 576 4335 613 4383; x_wconf 68' lang='lat' dir='ltr'><strong>ep.</strong></span> <span class='ocrx_word' id='word_1_357' title='bbox 624 4318 663 4368; x_wconf 80' lang='lat' dir='ltr'><strong>tt.</strong></span> <span class='ocrx_word' id='word_1_358' title='bbox 674 4336 696 4382; x_wconf 73' lang='lat' dir='ltr'><strong>p.</strong></span> <span class='ocrx_word' id='word_1_359' title='bbox 709 4317 763 4368; x_wconf 77' lang='lat' dir='ltr'><strong>usa.</strong></span> <span class='ocrx_word' id='word_1_360' title='bbox 774 4319 810 4368; x_wconf 72' lang='lat' dir='ltr'><strong>ea.</strong></span> <span class='ocrx_word' id='word_1_361' title='bbox 823 4319 878 4367; x_wconf 66' lang='lat' dir='ltr'><strong>aa.</strong></span> <span class='ocrx_word' id='word_1_362' title='bbox 890 4319 920 4367; x_wconf 78' lang='lat' dir='ltr'><strong>ts</strong></span> <span class='ocrx_word' id='word_1_363' title='bbox 932 4335 954 4383; x_wconf 76' lang='lat' dir='ltr'><strong>p.</strong></span> <span class='ocrx_word' id='word_1_364' title='bbox 969 4318 1015 4368; x_wconf 78' lang='lat' dir='ltr'><strong>tut</strong></span> <span class='ocrx_word' id='word_1_365' title='bbox 1025 4319 1064 4368; x_wconf 65' lang='lat' dir='ltr'><strong>aa.</strong></span> <span class='ocrx_word' id='word_1_366' title='bbox 1076 4318 1153 4369; x_wconf 75' lang='lat' dir='ltr'><strong>wire.</strong></span> 
     </span>
     <span class='ocr_line' id='line_1_42' title="bbox 193 4401 800 4467; baseline -0.008 -13"><span class='ocrx_word' id='word_1_367' title='bbox 193 4406 217 4417; x_wconf 87' lang='grc'><strong>“’</strong></span> <span class='ocrx_word' id='word_1_368' title='bbox 311 4403 349 4467; x_wconf 77' lang='grc'><strong>(3)</strong></span> <span class='ocrx_word' id='word_1_369' title='bbox 363 4403 411 4467; x_wconf 77' lang='lat' dir='ltr'><strong>Ep.</strong></span> <span class='ocrx_word' id='word_1_370' title='bbox 421 4402 454 4452; x_wconf 74' lang='lat'><strong>52</strong></span> <span class='ocrx_word' id='word_1_371' title='bbox 465 4402 495 4452; x_wconf 79' lang='lat' dir='ltr'><strong>nd</strong></span> <span class='ocrx_word' id='word_1_372' title='bbox 508 4403 599 4452; x_wconf 74' lang='lat' dir='ltr'><strong>Ancon.</strong></span> <span class='ocrx_word' id='word_1_373' title='bbox 610 4418 632 4465; x_wconf 91' lang='lat' dir='ltr'><strong>p.</strong></span> <span class='ocrx_word' id='word_1_374' title='bbox 645 4401 699 4451; x_wconf 77' lang='lat'>116.</span> <span class='ocrx_word' id='word_1_375' title='bbox 709 4402 747 4451; x_wconf 89' lang='lat' dir='ltr'><strong>ed.</strong></span> <span class='ocrx_word' id='word_1_376' title='bbox 757 4401 800 4449; x_wconf 90' lang='lat' dir='ltr'><strong>W.</strong></span> 
     </span>
     <span class='ocr_line' id='line_1_43' title="bbox 314 4485 839 4550; baseline -0.01 -12"><span class='ocrx_word' id='word_1_377' title='bbox 314 4489 350 4550; x_wconf 78' lang='lat' dir='ltr'><strong>(l)</strong></span> <span class='ocrx_word' id='word_1_378' title='bbox 368 4489 406 4538; x_wconf 89' lang='lat' dir='ltr'><strong>De</strong></span> <span class='ocrx_word' id='word_1_379' title='bbox 417 4488 484 4541; x_wconf 87' lang='lat' dir='ltr'><strong>obitu</strong></span> <span class='ocrx_word' id='word_1_380' title='bbox 496 4486 577 4536; x_wconf 82' lang='lat' dir='ltr'><strong>fratris</strong></span> <span class='ocrx_word' id='word_1_381' title='bbox 590 4503 611 4549; x_wconf 93' lang='lat' dir='ltr'><strong>p.</strong></span> <span class='ocrx_word' id='word_1_382' title='bbox 622 4486 662 4545; x_wconf 81' lang='lat' dir='ltr'><strong>at,</strong></span> <span class='ocrx_word' id='word_1_383' title='bbox 673 4493 690 4534; x_wconf 88' lang='lat' dir='ltr'><strong>t.</strong></span> <span class='ocrx_word' id='word_1_384' title='bbox 701 4485 724 4534; x_wconf 79' lang='grc'><strong>3.</strong></span> <span class='ocrx_word' id='word_1_385' title='bbox 734 4487 771 4534; x_wconf 82' lang='lat' dir='ltr'><strong>cd.</strong></span> <span class='ocrx_word' id='word_1_386' title='bbox 784 4485 839 4533; x_wconf 74' lang='lat' dir='ltr'><strong>Bne.</strong></span> 
     </span>
     <span class='ocr_line' id='line_1_44' title="bbox 313 4562 878 4643; baseline -0.005 -23"><span class='ocrx_word' id='word_1_387' title='bbox 313 4575 349 4634; x_wconf 78' lang='lat'><strong>(⁵)</strong></span> <span class='ocrx_word' id='word_1_388' title='bbox 366 4573 391 4621; x_wconf 88' lang='lat' dir='ltr'><strong>S.</strong></span> <span class='ocrx_word' id='word_1_389' title='bbox 402 4572 486 4636; x_wconf 86' lang='lat' dir='ltr'><strong>Optati</strong></span> <span class='ocrx_word' id='word_1_390' title='bbox 498 4568 572 4643; x_wconf 82' lang='lat' dir='ltr'><strong>opern&#39;</strong></span> <span class='ocrx_word' id='word_1_391' title='bbox 581 4570 618 4618; x_wconf 88' lang='lat' dir='ltr'><strong>ed.</strong></span> <span class='ocrx_word' id='word_1_392' title='bbox 629 4562 714 4640; x_wconf 69' lang='lat' dir='ltr'><strong>D&#39;upin</strong></span> <span class='ocrx_word' id='word_1_393' title='bbox 728 4569 796 4619; x_wconf 78' lang='lat'>1700.</span> <span class='ocrx_word' id='word_1_394' title='bbox 809 4585 830 4632; x_wconf 88' lang='lat' dir='ltr'><strong>p.</strong></span> <span class='ocrx_word' id='word_1_395' title='bbox 841 4569 878 4618; x_wconf 70' lang='lat' dir='ltr'><strong>ilo</strong></span> 
     </span>
    </p>
   </div>
   <div class='ocr_carea' id='block_1_4' title="bbox 0 0 1388 5032">
    <p class='ocr_par' dir='ltr' id='par_1_8' title="bbox 0 0 1388 5032">
     <span class='ocr_line' id='line_1_45' title="bbox 0 0 1388 5032; baseline 0 1"><span class='ocrx_word' id='word_1_396' title='bbox 0 0 1388 5032; x_wconf 95' lang='lat' dir='ltr'><strong> </strong></span> 
     </span>
    </p>
   </div>
  </div>
 </body>
</html>
