2738 5032
83 238 139 299 iso
166 204 179 227 ''
217 260 221 265 -
419 231 517 299 uum
539 227 742 289 nccnnsn
763 226 829 285 sur
855 228 949 287 uni.

81 394 217 453 fateantur:
234 409 410 465 quacumque
424 389 534 447 scilicet
545 388 652 447 ratione
665 386 792 445 doctrina
806 386 988 464 Episcopalis
1000 395 1087 444 carme
1102 385 1291 442 innocuit
1308 412 1315 423 ·

82 489 204 547 solemni
218 487 392 554 definitione,
404 504 467 559 quse
481 506 498 543 a
511 485 630 561 collegio
645 485 856 560 Episcoporum
876 493 1053 560 agnoscatur,
1068 501 1120 559 pru
1134 495 1311 558 supremi,

11 634 19 653 ,
85 585 223 643 Ecclesiae
239 583 365 641 docentis
383 582 492 659 jndicio
513 582 639 639 habetur.
682 580 748 642 Hoc
768 590 812 637 ast
831 592 1010 653 certumque
1032 568 1146 654 semper
1165 584 1315 635 sera'ar.‘·¹

85 681 177 759 possit
197 680 288 736 unitas
309 678 490 754 principium,
506 675 643 750 quidquid
663 676 701 733 sit
720 675 755 733 de
776 664 938 733 anctoritate
960 674 1131 733 definitionis
1147 660 1315 731 Concilii·¹¹

84 788 148 835 ante
172 775 320 834 Pontificis
342 776 596 855 confirmationem,
613 773 659 831 vel
681 773 826 832 Puutifieii
848 772 953 830 decreti
974 784 1038 831 ante
1059 772 1315 847 Episcopomnl

85 891 267 930 eonsensum.
309 872 443 930 Fatemur
457 871 564 929 moveri
578 870 623 927 hia
635 869 670 927 de
683 871 767 927 rebus
779 870 961 942 quaestiones,
973 887 1037 941 quae
1048 878 1142 925 tamen
1156 865 1272 933 unitatis
1280 872 1315 915 ¹

85 970 243 1047 periculum
259 987 317 1026 non
338 967 468 1035 afferunt,
483 968 579 1043 agnito
592 968 626 1023 ab
641 967 773 1024 omnibus
789 953 899 1043 judicio
918 984 1052 1043 supremo
1072 965 1103 1022 in
1122 962 1273 1022 Pontificio
1293 968 1315 1007 ¹

83 1084 150 1125 cum
164 1066 376 1143 Episcoporum
396 1065 516 1141 collegio
530 1082 681 1141 consensu,
724 1064 821 1130 Quum
841 1065 996 1140 Apostolus
1017 1063 1108 1121 dicat:
1131 1071 1273 1139 “oportct
1306 1068 1315 1103 ἔ

83 1176 114 1222 et
133 1165 257 1223 hereses
282 1163 394 1222 esse.”¹
434 1163 498 1221 Deo
519 1162 625 1239 quippe
650 1161 819 1221 famulorum
843 1180 958 1219 suorum
983 1161 1069 1219 fidem
1091 1179 1129 1218 ex
1151 1156 1271 1219 aliorum

84 1262 282 1335 inconstantia,
297 1272 326 1317 et
338 1259 493 1317 seducendi
506 1258 572 1316 dolo
593 1258 727 1321 eximiam
748 1258 911 1325 exhibente,
925 1258 1019 1316 suman
1038 1257 1135 1315 licebit
1147 1266 1178 1314 et
1190 1254 1272 1314 nohis

83 1359 222 1434 suspicari
237 1357 371 1416 molestas
386 1357 436 1413 has
451 1338 666 1432 'fheologorum
687 1355 883 1412 contentiones
898 1373 985 1413 suam
992 1373 1092 1412 secum
1105 1353 1207 1411 afferre
1221 1352 1272 1411 uti·

86 1453 209 1512 litatem.
232 1471 320 1526 quum
334 1452 411 1509 enim
425 1452 577 1515 Pontificio
590 1451 702 1528 judicio
716 1451 879 1509 auctoritate
893 1450 1032 1509 infallibili
1045 1449 1198 1518 vindicata,
1212 1434 1273 1508 huo

85 1549 120 1607 ad
133 1550 254 1626 privatas
262 1548 415 1605 sententias
426 1547 606 1631 transferrent
617 1546 755 1615 nonnulli,
763 1547 849 1604 veluti
857 1546 927 1604 fides
938 1548 1023 1605 totius
1031 1545 1107 1604 orbis
1117 1544 1275 1604 Christiani

85 1663 123 1703 ex
132 1645 215 1703 unius
227 1644 351 1702 hominis
360 1645 472 1702 arbitrio
482 1655 511 1702 et
521 1657 591 1704 nutu
601 1642 753 1721 penderet3
768 1644 816 1701 alii
828 1655 930 1701 tantam
941 1644 997 1700 viru
1008 1642 1166 1718 definitioni
1177 1643 1276 1702 Ponti·

84 1743 156 1800 ficire
171 1743 265 1800 inesse
278 1743 426 1819 negabant,
440 1743 494 1800 nisi
513 1743 654 1819 Episcopi
668 1760 719 1818 per
732 1741 981 1817 orbemlvetustam
992 1740 1078 1798 fidem
1089 1759 1125 1817 pa
1134 1740 1274 1817 explicari

85 1850 114 1896 et
128 1838 248 1915 proponi
262 1850 456 1915 agnoscerent.
498 1838 682 1896 Conveniunt
694 1834 794 1895 omnes
808 1837 850 1895 nil
869 1837 925 1896 nisi
938 1857 977 1895 ex
990 1838 1130 1897 constanti
1143 1838 1272 1903 omnium

83 1936 252 1995 seculorum
268 1956 284 1993 a
299 1936 415 1995 Christo
435 1936 491 1994 fide
511 1946 540 1992 et
562 1934 709 1999 traditione
731 1934 856 2006 qualibet
877 1934 1016 1994 Ecclesiae
1037 1934 1201 1993 defiuitione
1213 1954 1275 1993 cre·

85 2032 211 2092 dendum
224 2036 345 2111 proponi
369 2024 469 2110 posse:
491 2034 611 2091 fatentur
624 2050 724 2091 omnes
739 2033 926 2105 Pontificibus
941 2043 969 2090 et
983 2032 1123 2091 Coucihis
1137 2033 1277 2093 OEcnme-
1297 2072 1301 2077 -

85 2132 158 2188 nicia
168 2132 218 2208 jus
234 2150 298 2188 esse
313 2129 380 2187 fidei
393 2129 604 2187 definitionibus
619 2148 728 2211 errores
743 2130 867 2207 antiquis
881 2130 937 2187 illia
948 2116 1126 2206 dogmatibus
1139 2130 1278 2211 adeamus

84 2225 295 2304 proscribendi:
316 2237 344 2283 et
357 2242 521 2302 supremum
536 2227 707 2284 auctoritatis
719 2225 835 2303 gradum
848 2225 904 2283 illis
914 2225 1040 2302 judiciis.
1046 2227 1173 2289 tribuunt
1183 2218 1277 2304 capite

85 2342 151 2381 curn
167 2322 301 2381 membris
313 2323 517 2380 consentiente.
538 2314 541 2319 ’
559 2320 634 2381 Tota
648 2323 777 2399 igiturlis
790 2323 904 2398 respicit
912 2322 1014 2399 judicii
1025 2321 1166 2399 adjuncta,
1180 2325 1277 2400 potius

85 2436 173 2491 quam
187 2419 281 2495 ipsum
296 2418 432 2477 tribunal:
453 2420 586 2499 currvenit
598 2421 675 2477 euim
690 2420 762 2477 iuter
776 2417 941 2476 Catholicae
955 2419 1088 2477 Pontifici
1101 2403 1279 2483 etconeitio

82 2516 132 2592 jus
146 2532 211 2571 esse
228 2508 386 2590 judicandi,
401 2514 451 2571 sed
467 2515 600 2587 quaeritur
614 2533 677 2588 quae
693 2515 833 2591 judicium
849 2534 1012 2592 supremum
1027 2528 1055 2574 et
1072 2517 1278 2577 irreformabile
1302 2530 1306 2541 '

48 2658 51 2663 .
86 2610 291 2669 demonstrent.
334 2608 418 2676 Quod
443 2612 563 2687 pertinet
585 2610 620 2669 ad
643 2602 846 2670 oecumenicam
868 2612 1054 2684 quorumdam
1076 2613 1277 2674 Conciliomm

86 2707 291 2775 auctoritatem,
306 2706 384 2765 salva
405 2706 461 2764 fide
475 2707 639 2787 etlunitatia
653 2698 822 2784 principio,
835 2726 869 2766 ea
893 2709 1001 2767 moveri
1025 2720 1119 2784 potest
1136 2711 1276 2791 honoratio,

85 2804 223 2878 quamdiu
246 2824 291 2863 res
314 2824 371 2863 non
395 2796 514 2870 constat}
535 2825 572 2863 ex
594 2794 715 2877 solemni
738 2796 877 2863 Ecclesia
899 2808 990 2883 ipsius
1011 2806 1208 2876 declaratione,
1227 2809 1276 2867 vel

86 2903 232 2962 communi
254 2904 339 2960 totius
361 2902 499 2960 Ecclesia
513 2921 610 2963 sensu.
652 2903 748 2969 Quum
764 2902 983 2961 Constantiense
1005 2903 1171 2963 Concilium
1184 2905 1277 2963 schis-

6 2984 8 2997 Ι
87 3000 171 3057 matis
193 3010 319 3074 ternpore
340 2999 424 3058 suerit
445 2988 582 3068 habitum,
598 3002 685 3059 tribus
699 3001 785 3058 simul
802 3001 859 3062 ¹sibi
882 3003 1071 3059 auctoritatem
1094 3002 1278 3079 Pontificiam

87 3094 307 3161 vindicantibus,
323 3106 352 3151 et
365 3095 444 3170 plura
454 3097 487 3155 iu
502 3115 537 3153 eo
552 3110 631 3173 gesta
644 3098 702 3155 sint
720 3111 818 3155 contra
831 3096 1027 3156 Consiliorum
1041 3117 1161 3168 morem,
1176 3116 1235 3176 pro·
1244 3119 1279 3159 aa

87 3210 152 3266 qnae
166 3192 284 3268 urgebat
304 3211 396 3249 rerum
417 3193 594 3260 necessitate,
609 3193 744 3251 nonnulla
758 3195 820 3270 ejus
835 3195 946 3254 decreta
959 3198 1061 3269 quibus
1081 3197 1174 3273 ipsam
1189 3216 1277 3270 quam

72 3309 140 3367 ,pro
151 3288 304 3347 schismate
316 3288 492 3357 terminando
501 3289 693 3347 auctoritatem
704 3292 862 3359 exercebat,
870 3292 1029 3360 affimravit,
1036 3293 1066 3351 iu'
1077 3281 1275 3366 quaestionem

89 3395 235 3452 venerunt,
251 3372 344 3442 utrum
360 3385 469 3443 scilicet
485 3383 690 3443 Conciliuriter
702 3386 757 3444 lata
771 3387 837 3455 sint,
852 3398 881 3446 et
894 3400 973 3447 extra
990 3408 1094 3457 casum
1112 3389 1278 3449 schismatis

87 3484 148 3541 vim
162 3483 299 3549 obtinere,
312 3499 349 3539 ex
364 3492 457 3539 ruente
471 3482 598 3558 ipsorum
614 3493 735 3559 patrum,
749 3483 883 3543 debeant:
905 3505 967 3558 quoe
982 3487 1077 3543 omnia
1090 3486 1168 3544 salva
1178 3486 1239 3546 fide
1248 3488 1278 3545 tit

89 3581 197 3659 unitate
218 3580 371 3656 disceptari
389 3591 539 3657 poterunt:
561 3580 611 3638 sed
634 3582 778 3640 solemnes
800 3583 978 3642 definitiones
993 3584 1096 3656 quibus
1117 3596 1278 3662 meantes

95 3676 258 3744 Wieldefii,
271 3677 373 3745 Hussi,
389 3691 418 3736 et
432 3678 605 3754 Hieronymi
619 3680 741 3757 aPraga
754 3698 862 3743 errores
876 3676 943 3740 sunt
953 3668 1113 3759 proscripti,
1128 3683 1279 3745 antifieia

90 3770 208 3832 Martini
220 3773 257 3830 V.
273 3775 387 3831 niuriitae
402 3776 625 3846 confirmatione,
641 3778 675 3834 ab
689 3778 821 3839 omnibus
834 3762 989 3836 Catholicis
1005 3798 1118 3839 summo
1132 3798 1275 3839 conmnsu

90 3869 280 3944 excipiuntur.
323 3870 498 3929 Basileensis
513 3871 703 3930 Conciliabuli
717 3883 862 3931 retractare
877 3893 922 3932 res
936 3886 1029 3950 gestas
1045 3890 1101 3934 non
1113 3876 1193 3945 libet,
1208 3878 1277 3937 satis

87 3967 166 4029 enirn
181 3977 290 4024 conant
304 3987 351 4024 eas
364 3968 558 4028 OEeumenico
573 3969 705 4027 Concilio
721 3989 777 4028 non
794 3989 858 4029 esse
873 3972 1043 4031 tribuendas.
1084 3973 1277 4035 Lateraueuse

90 4050 309 4145 V.Concilium
324 4067 359 4122 ob
374 4086 492 4142 parvum
513 4067 671 4124 Praesulum
685 4086 844 4137 numerum,
860 4079 888 4126 et
901 4071 937 4128 ob
953 4071 1101 4129 Gallorum
1114 4064 1277 4151 Episcopo·

88 4179 151 4220 rum
163 4160 329 4227 absentiam,
342 4161 434 4220 dubiae
449 4162 620 4220 auctoritatis
635 4163 777 4221 nonnullis
792 4164 915 4224 videtur:
936 4167 988 4224 sed
1002 4186 1064 4241 quae
1076 4167 1111 4225 de
1124 4168 1277 4228 Pontificia

86 4277 175 4335 super
189 4256 320 4316 Concilio
334 4258 523 4318 OEcumenica
544 4261 704 4319 auctoritate
728 4256 848 4331 tradidit,
869 4262 988 4333 formam
1010 4264 1083 4329 fidei
1098 4258 1275 4325 definitionis

86 4375 144 4417 rien
157 4355 272 4423 hahent,
287 4354 406 4428 ideoque
421 4338 455 4414 de
471 4357 535 4415 fidei
550 4375 662 4459 summa
675 4376 719 4416 res
731 4375 851 4419 nonest.
894 4360 1076 4469 Tridentinae
1091 4361 1273 4422 definitiones

570 4567 605 4628 (l)
624 4569 748 4621 lconxi.
761 4572 798 4620 lu,
833 4584 836 4589 ’
