2738 5032
125 272 181 331 146
315 262 322 288 ¹
457 270 513 330 DE
535 269 756 331 REGlMINlS
776 270 975 331 UNITATE.

162 427 252 507 Reap.
273 429 375 486 Verbis
390 429 514 487 maxims
533 428 693 506 perspicuis
714 429 842 509 regimen
862 430 982 489 institnit
1002 428 1144 496 Christus,
1161 410 1309 507 praerdissa

125 527 202 585 enim
217 527 363 603 potestatis
378 526 432 583 sibi
446 526 559 589 aPatre
573 525 643 587 dara
657 525 835 603 amplissima
842 526 1040 594 declaratione,
1053 527 1131 584 misit
1143 528 1310 604 Apostolos,

44 608 49 616 ⁶
125 621 254 701 ejusdem
278 623 424 701 potestatis
446 623 543 696 utiquo
565 622 727 700 participes,
743 632 774 680 ut
794 624 824 681 in
846 642 933 682 unum
956 623 1159 700 congregarent
1181 627 1311 684 omniurn

123 720 251 798 gentium
273 720 415 779 homines.
458 730 478 757 ‘⁶
487 721 560 780 Data
572 730 616 778 eat
629 719 698 777 mihi
714 720 808 779 omnis
823 731 945 797 potestas
960 720 1084 788 incaelo,
1100 731 1128 778 et
1140 721 1172 779 in
1186 723 1311 782 terra‚”¹

125 817 235 876 “Sient
249 818 327 876 misit
346 836 392 876 me
413 817 498 877 Pater
516 828 547 875 at
563 836 618 894 ego
633 817 714 875 nritto
733 817 833 875 vos.''¹
870 818 1009 876 Ecclesia
1028 819 1209 887 sententiam,
1224 821 1317 881 edam

124 915 155 974 in
168 934 256 974 causa
267 914 383 983 minori,
398 915 467 972 tami
480 913 637 971 faciendam
654 914 751 990 jussit,
766 915 856 991 utqui
869 934 933 973 eam
944 925 1081 979 temneret
1094 915 1183 974 instar
1193 915 1324 978 Ethnici

124 1012 311 1090 etpublicani
321 1012 394 1070 soret
406 1011 563 1078 habendus,
576 1011 667 1088 ipsam
679 1012 785 1088 quippe
796 1011 903 1070 celitus
915 1011 1079 1071 firmandam
1094 1013 1241 1090 pollicitus
1253 1027 1322 1075 est:

124 1109 186 1167 “Si
207 1118 302 1167 autern
324 1107 486 1173 Ecclesiam
508 1126 566 1166 non
580 1107 708 1174 audierit,
729 1108 767 1165 sit
780 1108 829 1166 tibi
850 1109 925 1167 sicut
937 1109 1067 1167 ethnicus
1080 1119 1110 1168 et
1128 1111 1318 1187 publicanos.

123 1211 227 1276 Arnen,
239 1206 305 1264 dico
325 1205 416 1273 vobis,
435 1222 623 1278 quaecumque
645 1204 825 1281 alligaveritis
842 1225 928 1283 super
946 1217 1057 1274 tanam,
1077 1217 1158 1265 emat
1177 1208 1275 1291 ligata*
1286 1217 1330 1268 et

124 1304 155 1362 in
174 1304 261 1363 celo:
283 1312 511 1375 etquecnmqna
526 1300 666 1359 solveritis
680 1300 892 1381 superterram,
907 1313 989 1361 erunt
1001 1303 1092 1361 soluta
1106 1312 1135 1361 et
1147 1303 1178 1361 in
1193 1304 1326 1365 caelo.”⁸

128 1398 186 1458 Ubi
210 1398 347 1477 praesules
372 1409 447 1455 tanta
462 1397 583 1474 «pollent
606 1399 779 1466 aucmritate,
803 1399 953 1475 imperium
975 1410 1052 1457 certe
1075 1410 1119 1457 est
1150 1419 1314 1470 summunt,

103 1498 253 1570 *quamvis
267 1517 285 1554 a
298 1497 383 1573 hujus
401 1489 500 1554 mundi
520 1496 614 1572 regnis
631 1495 712 1553 raldo
726 1483 883 1554 dissimiles
905 1498 1014 1554 namin
1034 1497 1117 1555 rebus
1131 1499 1232 1568 moris,
1249 1518 1318 1574 quae

124 1591 159 1650 ad
183 1593 285 1651 anime
304 1592 451 1670 pertinent
473 1592 603 1660 salutem,
623 1596 758 1660 versatur,
780 1603 810 1650 et
830 1593 1018 1651 conscientias
1043 1594 1201 1670 praesertim
1222 1597 1320 1673 respi-

123 1691 179 1749 cit:
195 1689 260 1749 ideo
275 1690 548 1767 monuitdpostolos
563 1689 709 1757 Christus,
724 1681 755 1748 et
772 1690 872 1748 Petrus
887 1691 1049 1771 episcopos,
1061 1710 1111 1749 eos
1122 1680 1157 1750 ab
1169 1686 1251 1752 omni
1263 1693 1318 1752 do-

122 1787 278 1847 minatione
293 1786 435 1846 mnndana
443 1806 512 1845 -esse
526 1788 784 1864 alienosoportsre.
816 1788 905 1845 Abest
913 1798 1010 1859 ¹autern
1021 1789 1163 1865 tyrannis,
1175 1800 1205 1848 st
1217 1783 1314 1849 onrnis

122 1885 211 1944 libido
231 1885 395 1945 dominandi
415 1887 451 1944 ab
472 1885 676 1943 Ecclesiastico
696 1885 844 1961 regimine,
860 1885 926 1957 quia
941 1887 1025 1962 juxta
1039 1886 1149 1945 Christi
1168 1887 1250 1965 leges
1269 1897 1315 1946 sst

52 2038 55 2045 ,
122 1962 289 2059 gerendum,
307 1980 522 2042 mansuetudine
542 1989 571 2038 et
590 1981 746 2051 animarum
768 1980 872 2039 salutis*
885 1980 988 2049 studio,
1007 1983 1137 2055 quamvis
1157 1982 1313 2057 aliqnando

123 2081 261 2147 severius,
276 2089 308 2137 ut
321 2079 437 2136 vulnera
457 2079 635 2155 peccantium
653 2068 799 2146 sanentur,
822 2089 841 2114 ‘⁴
853 2080 1009 2139 secundum
1030 2091 1210 2158 potestatem,
1225 2098 1313 2157 quam

124 2178 271 2237 Dominus
296 2175 443 2239 dedit-in
468 2175 695 2243 edificationem,
720 2187 749 2233 et
775 2195 833 2234 non
857 2177 887 2236 in
914 2177 1184 2236 destructionem.”⁴
1227 2179 1314 2246 Quod

124 2285 219 2332 antem
235 2273 368 2333 Christus
382 2272 533 2331 dilectione
547 2292 615 2331 suos
629 2273 785 2350 discipulos
800 2273 1014 2351 distinguendos
1028 2275 1127 2341 voluit,
1140 2277 1265 2352 pertinet
1278 2276 1313 2337 ad

72 2400 78 2407 ’
108 2372 284 2448 .persectos;
299 2371 350 2429 sed
365 2371 507 2429 charitatis
521 2373 635 2430 vincula
648 2356 765 2433 omnino
780 2372 920 2448 abrumpit
933 2373 981 2446 qui
995 2373 1127 2450 potestati
1141 2374 1178 2432 ab
1196 2393 1233 2437 eo
1246 2394 1318 2437 con-7

127 2468 231 2524 stitutae
245 2466 381 2523 resistens
393 2486 410 2522 a
421 2466 535 2524 fratrum
547 2486 578 2524 se
591 2467 700 2525 divellit
709 2469 868 2525 consortio:
884 2479 1055 2545 quapropter
1067 2469 1247 2546 Augustinus
1260 2471 1312 2534 ait:

127 2561 287 2623 “haeretici
301 2560 336 2619 de
350 2560 415 2619 Deo
426 2560 496 2618 salsa
509 2563 657 2621 sentiendo
665 2559 763 2639 ¹ipsam
776 2563 863 2621 fidem
877 2564 1005 2623 riolaatr
1023 2565 1205 2624 schismatici
1213 2578 1314 2628 antem

124 2657 350 2717 dissensionibus
372 2657 509 2730 iniquisa
528 2657 648 2717 fraterna
668 2659 802 2717 charitate
822 2659 976 2729 dissiliunt,
990 2661 1120 2738 quamvis
1141 2681 1176 2720 ea
1196 2664 1314 2724 credam

125 2754 393 2830 quaeoredintus.”⁵
733 2772 737 2778 ·
765 2808 767 2813 ,
1173 2766 1176 2773 ’
1204 2774 1208 2781 ·

168 2853 234 2933 obj.
250 2859 279 2912 2.
301 2850 447 2931 hpostolis
468 2864 593 2931 potest-as
614 2860 750 2913 concessa
763 2865 807 2914 est
827 2853 861 2911 ad
881 2854 1052 2914 fundandam
1073 2855 1249 2924 Ecclesiam,
1263 2858 1315 2918 sed

126 2950 161 3008 ad
175 2952 245 3009 alios
261 2969 318 3008 non
333 2952 452 3021 transiit,
464 2962 552 3025 quum
567 2952 730 3028 Scriptnris,
741 2953 828 3011 veluti
841 2952 936 3028 legum
951 2951 1057 3020 codice,
1068 2952 1205 3036 divinitus
1219 2974 1316 3015 exara·

125 3049 162 3106 tis
176 3067 222 3107 res
236 3067 337 3107 omnes
346 3053 430 3128 juxta
444 3070 492 3108 eas
507 3063 603 3108 essent
616 3036 829 3127 componenda.
861 3078 864 3086 ¹
970 3058 974 3065 '

165 3146 254 3226 Rssp.
277 3148 347 3214 Qun
363 3148 508 3225 Apostolis
523 3148 598 3226 dicta
610 3161 677 3207 sunt
689 3149 724 3207 ad
738 3151 849 3224 eosqui
862 3168 960 3210 eorum
974 3154 1138 3213 muneribus
1150 3170 1204 3231 per
1213 3172 1314 3214 omnes

127 3255 237 3324 gentes,
252 3255 282 3304 et
296 3244 430 3304 adfinem
444 3264 536 3320 nsque
549 3242 648 3305 mnndi
659 3247 783 3313 functuri
796 3259 901 3317 essem,
916 3252 1065 3327 portinere,
1079 3266 1118 3311 ox
1128 3251 1240 3312 Christi
1254 3254 1316 3331 pol·

120 3343 281 3402 licitatlone
296 3358 327 3401 se
348 3353 461 3420 semper
481 3343 640 3402 adfuturum
662 3342 823 3404 edocemur.
865 3347 933 3405 Nec
950 3348 1181 3423 auctoritateque
1201 3361 1317 3428 regatur

90 3441 224 3500 ··rninus
249 3440 381 3515 Ecclesia
405 3440 535 3518 indiguit,
561 3441 706 3519 Apostolis
730 3443 789 3501 vita
814 3443 927 3511 lunatis,
949 3462 1034 3518 quam
1061 3446 1096 3503 iis
1123 3446 1198 3504 inter
1222 3448 1316 3506 rivos.

128 3535 262 3595 Christus
276 3535 362 3617 igitur
375 3537 470 3594 omnia
489 3540 601 3601 suntme
621 3537 760 3622 sapientia
779 3539 978 3607 constituitur
999 3539 1130 3598 Ecclesia
1143 3543 1317 3619 semperin·

128 3632 249 3692 ferorum
271 3634 389 3712 impetui
410 3634 540 3692 resistere
561 3636 661 3711 possit,
682 3635 713 3695 in
734 3636 838 3709 unitata
859 3622 1049 3697 sua²firmiter
1068 3639 1240 3698 consistens.
1282 3640 1318 3699 Si

128 3730 279 3807 Scripturas
296 3732 373 3790 Novi
388 3731 566 3789 Testamenti
582 3733 671 3807 veluti,
680 3731 770 3790 codex
784 3733 878 3810 legum
894 3733 1055 3803 habeantur,
1070 3755 1143 3812 opus
1156 3744 1202 3794 est
1210 3737 1320 3815 judici·

128 3828 181 3887 bus
195 3837 224 3886 et
237 3828 404 3888 officialibus
419 3830 469 3902 qui
483 3848 530 3889 eas
545 3828 729 3903 exequantur.
771 3830 913 3893 caetenm
927 3850 990 3891 earn
1005 3827 1123 3897 sorniam
1137 3853 1195 3893 non
1211 3850 1320 3913 pracse-

20 3970 23 3975 .
128 3926 229 3989 lerunt,
245 3925 295 3983 sed
310 3927 459 3985 occasione
473 3925 537 3984 data
556 3938 679 3991 exaratae,
696 3937 771 3994 sunt,
787 3937 815 3984 et
827 3929 954 4004 regimen
968 3950 985 3987 a
999 3929 1114 3989 Christo
1128 3932 1319 3994 constitutum

128 4033 272 4082 testantur.
314 4026 394 4083 Alios
409 4035 509 4101 praeter
521 4025 673 4101 Apostolos
686 4024 883 4102 adregendam
899 4026 1058 4087 Ecclesiam
1073 4027 1205 4087 habuisse
1221 4041 1322 4108 potes·

129 4132 224 4189 tatem,
238 4131 347 4188 constat
361 4142 397 4179 ex
412 4123 447 4204 iis
462 4142 525 4195 quse
540 4122 645 4180 Paulus
660 4114 695 4180 ad
717 4122 902 4198 Presbyteros
922 4123 1041 4201 Epheso
1055 4117 1205 4184 arcessitos
1220 4127 1298 4187 dixit
1309 4151 1325 4188 :-

129 4215 299 4276 “Attendite
320 4218 411 4285 vobis,
427 4229 456 4276 et
469 4219 601 4277 universo
622 4218 710 4295 gregi,
732 4218 762 4276 in
776 4230 833 4291 qu'o
855 4238 906 4276 vos
929 4220 1049 4299 Spiritus
1072 4214 1195 4283 ¹Sanctus
1217 4226 1323 4306 posuit

128 4316 290 4394 episcopos,
306 4332 402 4392 regere
417 4315 577 4374 Ecclesiam
592 4315 658 4383 Dei,
670 4334 754 4388 quam
770 4316 919 4389 acquisivit
932 4318 1072 4394 sanguine.
1082 4318 1182 4377 suo.”⁵
1224 4321 1322 4381 Novi·

227 4449 262 4508 (1)
281 4446 344 4495 Mat.
356 4446 438 4494 xxviii.
451 4447 489 4496 la.
703 4449 739 4510 (4)
758 4451 769 4498 l
782 4449 899 4498 Coralli.
912 4449 950 4498 10.

228 4531 264 4592 (2)
282 4529 353 4579 Joan.
365 4544 405 4576 xr.
416 4529 454 4577 21.
592 4542 596 4547 ·
699 4533 735 4592 (5)
752 4533 818 4598 Aug.
830 4532 846 4581 1.
856 4533 886 4582 ds
898 4533 946 4584 lide
956 4543 981 4586 et
991 4535 1103 4602 symbolo
1114 4553 1136 4586 c.
1147 4537 1187 4587 65.
1271 4532 1275 4537 ”

229 4615 266 4678 (3)
286 4612 475 4664 discretim.
606 4686 608 4691 Α
705 4616 743 4678 (6)
758 4619 813 4668 Act
825 4617 1055 4693 addamne„
