2738 5032
88 256 147 313 2⁰4
390 251 447 311 DE
467 252 747 313 sanctitatis
765 250 990 315 DEFEOTU.·

89 410 125 469 ad
144 411 261 489 gratiam
276 429 349 487 opus
370 412 521 489 proficisci.
563 412 640 471 Eum
658 421 750 470 autem
771 422 904 469 renatum·
920 411 981 470 sola
1001 410 1058 469 Dei
1077 410 1166 489 gretia
1186 409 1272 471 libere

88 506 161 565 velle
175 517 204 565 et
217 506 307 565 lacere
325 509 440 574 bonum,
456 509 561 569 malum
575 508 662 567 etiam
675 526 712 567 ex
727 518 857 567 manente
870 509 901 566 in
914 507 999 567 corde
1012 526 1066 566 suo
1086 507 1197 583 peccati
1209 527 1269 569 cor·

88 605 219 683 ruptione
232 604 324 664 adhuc
338 605 410 664 velle
424 605 536 665 docent.
577 606 627 667 Ex
640 605 700 665 Dei
710 604 955 683 praedestinatione
969 606 1045 665 solos
1059 605 1166 663 electos
1180 606 1273 673 ellico

88 703 157 762 citer
170 704 273 770 vocari,
287 714 316 761 et
328 705 532 781 omnipotentia
551 703 647 763 divina
659 722 758 762 eorum
772 703 942 764 voluntatem
956 703 991 761 ad
1010 704 1118 763 bonum
1138 702 1271 773 determi-

88 800 149 859 nari
167 811 305 859 asserunt.
347 799 431 859 Hanc
446 801 622 859 vocationem
643 800 974 877 adjunguntnullatenns
994 799 1090 858 referri
1106 799 1142 857 ad
1163 798 1274 873 aliquid·

88 896 164 971 quod
182 897 262 956 Deus
279 898 309 957 in
329 897 445 955 homine
459 897 597 975 praevidit,
612 898 661 971 qui
679 898 792 974 penitus
803 896 921 974 possioc
935 896 1026 970 quoad
1047 914 1112 955 eam
1125 914 1158 953 se
1179 895 1273 955 hubet-

87 997 168 1055 Alios
188 1007 289 1073 praeter
308 995 425 1063 electos,
441 996 571 1068 quamvis
592 995 681 1065 Verbi
700 995 860 1054 ministerio
879 1006 1006 1065 rocetos,
1023 1006 1052 1053 st
1071 994 1198 1071 Spiritus
1218 992 1275 1055 Dei

87 1094 210 1167 aliquam
223 1093 254 1151 in
268 1112 299 1151 se
321 1088 514 1171 operationem
535 1092 700 1161 sentientes,
715 1110 871 1166 numquam
885 1111 951 1151 vere
967 1091 1003 1153 ed
1025 1092 1175 1151 Christum
1196 1109 1276 1151 auce

86 1189 163 1258 dere,
177 1209 230 1248 nec
240 1191 360 1249 salutem
370 1190 485 1263 assequi
499 1208 586 1266 posse
599 1188 783 1248 contendunt.
814 1189 916 1249 Fidem
930 1208 987 1262 qua
997 1189 1027 1249 in
1039 1186 1151 1249 Christi
1160 1187 1283 1265 justitia.

86 1288 202 1346 nitimur
211 1287 421 1364 justificationis
435 1296 548 1352 nostrae,
558 1304 621 1358 qua
635 1286 665 1343 in
679 1286 741 1345 sola
753 1297 934 1362 poeoniorum
948 1286 1040 1353 venia,
1057 1284 1140 1345 uubis
1154 1284 1275 1361 insuper

81 1384 168 1462 justis
182 1384 297 1451 habitis,
311 1383 365 1441 sita
377 1393 431 1451 est,
445 1382 525 1441 nullo
538 1381 614 1442 dono
622 1382 741 1459 justitiae
755 1374 958 1451 nobis'infuso,
973 1383 1090 1441 unicum
1103 1381 1276 1451 ιιιιιιιιιιοι-

86 1492 145 1540 tum
159 1481 280 1550 tradunt,
295 1481 425 1555 quamvis
438 1499 502 1539 eam
515 1482 634 1539 comites
654 1480 758 1541 habere
771 1480 842 1541 alias
856 1480 992 1541 solutares
1005 1480 1108 1557 gratias
1122 1478 1274 1541 fateantur.

85 1580 142 1647 Qui
157 1579 247 1637 semel
262 1578 410 1656 justificati
430 1588 497 1637 sunt
511 1596 668 1651 numquam
687 1579 722 1637 ab
742 1598 778 1639 eo
798 1588 871 1637 statu
891 1576 1025 1663 excidere
1044 1586 1178 1655 possunt,
1188 1578 1275 1655 juxta

84 1677 187 1736 horum
211 1676 323 1753 placita,
345 1675 397 1735 sed
421 1674 501 1734 Dens
521 1694 621 1735 eorum
643 1685 759 1752 peccata
778 1675 1001 1737 dimitterenon
1020 1674 1144 1745 desinit;
1166 1674 1275 1748 quibus

65 1822 68 1829 .
84 1783 180 1833 ιιιιιιιι
193 1771 221 1830 ιι
234 1764 393 1849 ιιιιριιιιιιι,Ι
406 1790 459 1830 ιιι
472 1770 598 1848 benigno
608 1771 686 1830 vultu
697 1771 761 1848 ejus
773 1770 912 1838 fruuntur,
923 1770 1015 1830 donec
1027 1790 1128 1830 eorum
1136 1790 1173 1833 σι
1187 1770 1276 1848 puris

85 1870 178 1929 tuerit.
219 1869 335 1928 Electus
350 1869 485 1927 idcircoa
503 1866 567 1927 Dec
583 1878 699 1947 paterne
715 1877 859 1946 correptos
878 1867 986 1939 dicunt,
1000 1887 1159 1942 numquam
1173 1878 1269 1929 ιιιιοιι

44 2040 48 2045 ¹
84 1967 215 2044 rejectos,
229 1965 281 2025 sed
296 1967 326 2025 in
340 1966 416 2023 diem
435 1963 638 2040 redemptionis
652 1963 788 2045 signatos.
829 1964 970 2042 Inpugua
983 1983 1055 2040 quae
1069 1966 1277 2027 intercursan-

85 2074 114 2123 et
126 2064 256 2141 spiritum
269 2063 385 2140 geritur,
396 2080 460 2135 ιιι
473 2061 556 2120 nobis
570 2062 644 2120 inest
657 2061 810 2138 corruptio,
822 2060 974 2122 admodum
988 2062 1024 2121 sd
1035 2072 1149 2140 tempus
1163 2082 1269 2141 pren·

84 2161 133 2229 let,
147 2160 198 2219 sed
208 2159 291 2219 novis
302 2157 437 2217 subsidiis
452 2157 550 2215 Sancti
563 2157 687 2234 Spiritus
701 2157 814 2229 eddius,
825 2177 891 2235 pars
902 2159 951 2219 illa
963 2158 1089 2219 hominis
1100 2178 1166 2232 qum
1176 2170 1273 2223 renna

85 2266 138 2325 est,
153 2255 282 2332 superior
295 2255 396 2314 iterum
410 2253 513 2323 evadit,
528 2264 557 2312 et
570 2255 623 2313 hac
636 2255 744 2327 ratione
759 2248 856 2315 Sancti
869 2256 1030 2332 proliciunt.
1060 2257 1280 2328 Paenitentiam..

85 2372 135 2411 seu
144 2355 239 2451 potius
247 2354 482 2429 resipiscentiam,
494 2354 682 2411 necessariam
694 2363 861 2430 agnoswm,
869 2372 928 2412 nou
938 2363 1031 2413 tamen
1042 2356 1134 2414 venie
1144 2376 1270 2437 caum,
1260 2396 1278 2425 ,.

84 2467 147 2522 quae
161 2467 198 2505 ex
212 2438 273 2506 s‘ola
285 2448 341 2506 fide
356 2448 469 2524 pendet.
510 2448 631 2507 Nullum
650 2459 798 2525 peccatum
812 2448 883 2509 adeo
896 2468 1025 2526 parvum
1028 2449 1181 2513 admittunt
1193 2432 1271 2527 duod

84 2556 216 2601 eternam
230 2541 438 2601 damnationem
448 2554 672 2605 nonmereatur.
694 2544 803 2603 nullum
813 2544 884 2603 adeo
894 2564 1010 2605 enorme
1024 2546 1102 2619 quod
1113 2548 1273 2625 paenitenti·
1277 2588 1283 2612 ·.

83 2642 136 2699 bus
145 2641 233 2699 exitio
247 2659 310 2699 esse
322 2640 422 2718 possit
444 2639 540 2716 Opera
550 2641 624 2698 bona
634 2639 842 2709 commendant,
854 2659 944 2715 saque
954 2642 1021 2701 fidei
1031 2643 1270 2722 lrucmsetargu·

83 2746 180 2801 menta
192 2735 358 2814 designaut:
380 2735 431 2795 sed
445 2736 496 2813 qui
506 2736 633 2823 maxime
646 2736 807 2797 obedientia
826 2746 969 2814 prestant,
983 2739 1073 2817 louge
1082 2724 1216 2829 ιιιιιιιιιιιι
1228 2741 1286 2807 ab·

83 2856 119 2896 ιο
133 2835 168 2895 ad
181 2834 257 2909 quod
278 2846 416 2895 tenentur.
458 2836 529 2903 Qua
544 2836 578 2893 ab
592 2835 755 2895 homiuibus
775 2834 852 2895 haud
871 2837 977 2895 renatis
988 2837 1070 2907 fiunt,
1085 2818 1268 2912 ιιιιιιιιιιιιισ

82 2936 114 2993 ιι
126 2954 158 2992 σι
172 2936 246 2993 bona
260 2933 414 3001 videantur,
430 2944 458 2992 et
471 2933 526 2993 Dei
541 2934 690 3011 preceptis
704 2933 870 3003 conformia,
881 2934 949 2994 fidei
962 2945 1067 3005 tamen,
1079 2946 1110 2995 et
1118 2937 1190 3007 linis
1203 2938 1279 2997 sub·

83 3032 203 3119 limioris
230 3031 350 3098 delectu,
373 3041 489 3109 peccato
513 3041 580 3091 sunt
606 3033 761 3106 inquinata.
802 3033 971 3093 Sanctorum
997 3037 1209 3123 perseterautis
1231 3055 1270 3099 cx

84 3147 181 3209 eorum
195 3127 284 3185 libero
297 3127 410 3186 arbitrio
423 3146 482 3186 non
496 3128 610 3205 pendet,
622 3129 674 3187 sed
687 3148 725 3187 ex
739 3129 796 3188 Dei
808 3129 940 3207 eligentis
953 3129 1066 3191 decreto
1076 3114 1269 3195 immutabili:

84 3226 134 3300 qui
147 3235 241 3283 ιιιιιιιιι
254 3224 284 3291 in
304 3223 401 3301 grauia
418 3234 536 3301 peccata
548 3224 672 3283 incidere
692 3235 823 3302 possunt,
838 3236 867 3285 et
879 3227 909 3286 in
923 3227 960 3287 iis
976 3227 1012 3287 ad
1018 3239 1147 3311 tempus
1168 3231 1271 3309 perdu-

82 3321 347 3396 rare,quarat10ne
366 3318 430 3379 Deo
444 3319 605 3397 displicent,
620 3322 756 3383 Sanctum
777 3323 914 3400 Spiritum
935 3325 1110 3395 ιοιιιιιιιιιι,
1123 3326 1269 3402 aliquibus

83 3422 180 3498 gratiis
200 3430 230 3479 et
241 3419 482 3480 consolationibus
503 3420 657 3495 privantur,
671 3429 702 3479 et
720 3422 887 3498 temporalia
899 3423 929 3481 in
941 3442 973 3482 se
988 3423 1134 3495 adducunt,
1145 3425 1276 3503 judicis,-

83 3519 169 3578 Fides
183 3519 336 3579 electorum
351 3536 408 3578 non
422 3516 582 3577 est'tiducia
594 3522 712 3588 ιιιιιιιιι,
727 3519 778 3578 sed
792 3520 945 3579 infallibilis
961 3521 1110 3590 certitudo,
1125 3522 1184 3593 Dei
1204 3540 1287 3602 pro-·

82 3615 190 3682 missis,
201 3624 230 3672 et
243 3610 367 3693 Spiritus
381 3615 470 3690 sancti
484 3615 646 3687 testimonio
660 3616 768 3684 innixa,
782 3635 846 3689 (ιιι
859 3616 981 3676 fructum
994 3617 1080 3677 habet
1089 3618 1277 3699 diligentium..

15 3790 18 3795 y
83 3711 113 3769 in
127 3710 224 3769 salutis
238 3713 363 3791 negotio,
378 3731 441 3785 ιιι
456 3712 574 3793 proinde
588 3733 699 3785 morum
712 3713 855 3775 licentiam
868 3714 964 3774 lovere
978 3715 1053 3775 haud
1067 3698 1112 3776 est
1124 3706 1267 3796 dicendaj
1289 3792 1291 3797 Ι

84 3807 213 3880 quamvis
227 3818 342 3884 peccato
356 3807 481 3868 admisso
496 3821 609 3869 maneat
620 3820 762 3884 umquam
777 3808 833 3869 Dei
846 3830 955 3881 semen,
967 3831 1024 3887 qno
1038 3835 1055 3871 a
1068 3812 1269 3892 desperatione

83 3914 229 3960 serventur
242 3905 343 3979 electi..
376 3905 439 3963 Lex
453 3925 564 3965 morum
578 3926 678 3965 omnes
693 3908 776 3967 etism
793 3917 905 3967 renatos
919 3909 1033 3988 obligat,
1048 3911 1147 3986 eisque
1168 3912 1206 3973 ad
1222 3915 1272 3975 sui

82 3999 307 4061 humiliationem
327 4003 453 4071 inservit,
468 4013 497 4061 et
516 4004 640 4067 ostendit
659 4023 722 4079 ιιι
742 4005 803 4063 suis
823 4005 934 4065 delictis
954 4021 1123 4077 mereantur,
1144 4020 1174 4070 et
1196 4030 1270 4086 quas

83 4099 168 4176 hujus
189 4097 252 4155 vitus
273 4117 411 4159 aemmnas
431 4111 578 4178 propterea
594 4112 743 4179 expectare
763 4102 891 4172 debeant,
907 4107 1035 4178 quamvis
1056 4107 1159 4186 elegis
1179 4110 1273 4183 ιιιιιιρ-

83 4198 158 4257 dicto
178 4195 235 4255 fide
249 4196 307 4255 siut
323 4197 443 4271 liberati
484 4199 626 4259 Adulteril
643 4220 728 4261 causa
745 4203 916 4264 matrimonii
930 4204 1081 4292 disortium
1095 4208 1158 4267 tisri
1179 4227 1271 4285 posse

82 4287 199 4371 insuper
212 4292 322 4359 docent,
336 4313 392 4366 quo
407 4297 555 4374 impetrato
570 4299 714 4358 innocenti
728 4319 833 4358 novum
848 4301 919 4358 inire
933 4304 1143 4362 matrimonium
1158 4305 1269 4368 licebit.

82 4392 178 4450 Etiam
193 4391 229 4448 ob
246 4389 434 4453 desertionem
449 4395 589 4472 conjugis,
604 4397 651 4457 cui
664 4415 717 4455 nec
737 4397 830 4457 civilis
844 4399 1032 4477 magistratus,
1047 4420 1102 4463 nec
1120 4402 1268 4476 Ecclesia,

83 4489 190 4546 mederi
204 4486 315 4566 poterit,
327 4485 477 4546 divortium
492 4493 610 4551 concedi
624 4492 743 4552 tradunt.
776 4493 859 4564 Hes,
871 4514 934 4569 que
945 4490 1060 4567 saddai
1072 4497 1269 4561 consessione

82 4583 295 4662 descripsimus,
310 4580 548 4646 commentatione
561 4590 611 4648 vix
624 4590 769 4670 indiguum
783 4592 886 4665 cuique
900 4595 981 4653 euim·
997 4584 1178 4674 perspectum
1199 4617 1268 4659 esse
