2738 5032
116 250 157 305 56
439 244 495 306 DE
509 243 643 307 LIBRIS
663 244 992 309 PROPHE'I'ARUM.

154 403 260 478 Liquet
273 422 341 481 ergo
355 405 451 482 legum
466 406 658 465 Mosaicarum
671 405 707 464 dc
722 407 961 484 politiacodicem
981 409 1105 467 maxime
1119 409 1212 468 fuisse
1231 409 1311 489 genti

103 502 242 561 ·Judaioae
257 503 512 572 accommodatum,
527 517 556 561 et
568 504 664 565 divina
678 507 822 564 sanctione
834 507 917 583 plane
930 507 1081 564 munitum.

159 601 225 680 otj.
248 602 377 659 Mosaica
390 602 438 659 lex
452 602 542 660 sancit
556 603 729 668 servitutem,
742 622 805 677 quae
819 623 885 661 cum
898 605 1015 695 naturali
1029 604 1156 663 hominis
1169 588 1308 684 dignitate

115 708 232 774 pugnat,
247 709 275 755 et
288 716 399 756 morum
414 698 488 755 favet
502 698 677 774 corruptelae.
765 733 768 737 ι
1274 740 1277 747 -

128 793 242 872 Reap.
265 795 392 853 Servitus
407 814 464 885 non
479 806 522 851 est
537 795 666 852 Mosaica
676 794 739 871 lege
753 794 875 864 inducta,
891 795 941 853 sed
955 796 1080 854 restricta
1093 797 1226 874 plurimis
1240 810 1310 858 stat-

116 891 172 948 utis
187 909 250 963 quea
262 900 325 948 earn
339 878 441 949 miuus
449 889 547 948 duram
562 890 720 948 redderent.
763 890 906 949 Caetemm
920 912 1007 965 quum
1002 892 1121 951 subditi
1131 895 1207 953 bello
1220 897 1309 955 vitam

116 976 171 1061 cibi
185 986 282 1049 donari
296 1006 330 1044 eo
324 999 424 1063 pacto
438 986 601 1068 gauderent,
616 997 647 1043 ut
657 987 686 1043 in
701 988 841 1064 mancipia
854 989 1031 1056 haberentur,
1047 964 1162 1063 aliique,
1177 1003 1309 1076 egestate

116 1072 272 1161 premente,
295 1084 350 1141 sibi
370 1084 495 1179 consuli,
515 1083 641 1140 libertate
661 1083 776 1151 amissa,
794 1084 907 1153 vellent,
929 1085 1047 1150 invaluit
1060 1085 1134 1207 apud
1151 1088 1307 1186 plerasque

173 1189 217 1236 tes
231 1180 362 1259 servitus,
377 1199 431 1237 nec
446 1189 559 1256 poterat
568 1178 652 1236 facile
663 1179 734 1237 tolli.
810 1238 813 1243 ,
878 1208 888 1236 ι

159 1274 225 1355 otj.
241 1283 269 1339 2.
290 1255 379 1335 Poena
393 1277 491 1334 mortis
513 1287 553 1332 tot
573 1275 749 1343 criminibus,
767 1275 852 1360 ctiam
871 1276 1035 1363 levioribus,
1053 1276 1209 1355 adsignata,
1227 1280 1308 1363 colli·

117 1365 198 1452 genti
208 1380 298 1452 pauca
311 1376 388 1452 ligna
401 1374 447 1431 die
461 1373 614 1443 sabbatioo,
634 1373 691 1430 Dei
704 1388 809 1431 nomen
822 1375 853 1431 ιιι
869 1376 971 1452 jurgiis
986 1354 1149 1451 proferenti,
1167 1374 1214 1435 vel
1233 1379 1309 1455 patri

116 1473 162 1531 vel
175 1474 257 1533 matri
272 1473 461 1538 maledicenti,
474 1462 604 1527 divinum
618 1454 713 1547 legum
727 1469 854 1529 codicem
868 1491 926 1529 non
938 1471 1159 1550 designat..

155 1568 244 1663 Resp.
266 1570 350 1628 Ratio
364 1566 492 1625 habenda
511 1578 555 1624 est
566 1572 733 1643 temporum,
749 1572 777 1624 et
790 1568 898 1644 populi,
914 1579 942 1625 et
955 1571 1082 1627 emnium
1097 1569 1310 1659 adjunctorum,

117 1678 148 1725 ut
161 1666 196 1725 de
210 1668 282 1744 legis
297 1667 386 1744 paenis
401 1678 560 1735 accuratam
582 1665 719 1723 habeatur
734 1665 884 1742 judicium.
926 1666 1067 1727 Severitas
1088 1668 1256 1745 exigebatur
1276 1680 1308 1728 ut

115 1765 186 1824 ordo
213 1777 381 1853 servaretur,
403 1779 432 1822 et
452 1765 580 1841 graviora
602 1764 772 1821 evirarentur
795 1763 928 1822 facinora.
969 1763 1111 1825 Craterum
1135 1766 1310 1855 gravissima

117 1864 284 1953 plerumque
303 1846 381 1921 erarit
397 1862 515 1920 crimina
537 1861 640 1932 quibus
663 1859 762 1917 mortis
783 1878 865 1936 paena
886 1860 1030 1939 adsignata
1054 1873 1106 1921 est.
1138 1846 1309 1953 Colligenti

94 1976 97 1982 ’
114 1960 192 2038 ligna
205 1971 233 2018 st
246 1952 351 2045 temere
366 1958 519 2037 proferenti
531 1975 636 2028 nomeu
648 1946 704 2012 Dei
718 1974 795 2013 mors
808 1957 916 2015 inflicta
929 1969 982 2026 est,
997 1960 1135 2053 speciali
1135 1948 1192 2018 Dei
1206 1945 1314 2057 jussu,

115 2058 208 2131 utqui
222 2061 306 2134 primi
298 2058 413 2133 'legem
428 2054 579 2130 infringere
594 2045 655 2109 ausi
669 2063 757 2120 erant,
773 2054 880 2113 cacteris
894 2055 987 2115 forent
1007 2034 1155 2133 suppliciis
1174 2058 1238 2115 auis
1251 2054 1310 2126 'ter-

115 2156 182 2214 ro'ri.
224 2155 327 2212 Mortis
342 2171 424 2230 paena
437 2151 582 2228 adsignata
596 2161 641 2208 est
653 2150 831 2210 maledicenti
838 2153 970 2229 patrive]
981 2155 1080 2227 matri;
1096 2155 1198 2228 quibus
1208 2156 1309 2225 verbis

115 2250 210 2310 tamen
224 2270 281 2324 non
295 2250 457 2327 designatur
471 2262 656 2325 quacumque
670 2248 783 2321 loquela
800 2250 893 2307 minus
864 2269 1056 2359 reverens,
1071 2251 1122 2309 aed
1135 2252 1308 2388 gravissima

115 2347 209 2405 verbis
222 2346 318 2403 illata
311 2346 1260 2423 injuria..

59 2496 62 2503 .
152 2441 225 2520 otj.
241 2447 269 2499 3.
292 2441 404 2498 Unicus
417 2441 501 2499 totius
521 2441 593 2517 legis
614 2439 679 2497 finis
701 2439 813 2498 videtur
832 2433 947 2500 luisse
938 2453 970 2499 ut
986 2384 1307 2519 omniaesacerdotum

43 2556 47 2561 ’
116 2550 187 2609 nutu
202 2537 366 2615 penderent,
383 2538 533 2597 theocratia
547 2546 658 2594 statuta.

154 2636 243 2714 Recp.
265 2636 327 2694 Lex
342 2635 413 2725 nibil
427 2636 556 2711 permisit
569 2634 759 2704 sacerdotum,
773 2636 826 2693 vel
832 2626 949 2697 aliorum
964 2634 1163 2729 quommlibet,
1176 2586 1308 2709 arbitrio,

106 2734 166 2794 scd
190 2734 318 2794 omnium
341 2730 457 2803 munera
479 2732 623 2813 accurate
631 2731 768 2794 definivit.
809 2729 887 2792 Hinc
909 2734 1068 2793 Diodorus
1075 2722 1191 2799 Siculus
1217 2736 1306 2799 refert

116 2814 264 2911 Moysen'
257 2833 412 2890 instituisse
426 2831 648 2908 rempublicam
669 2826 812 2889 absoluti
802 2832 909 2914 quippe
923 2833 1068 2909 regiminis
1082 2830 1181 2899 forma,
1196 2834 1309 2923 ubique

115 2950 166 3008 per
180 2951 214 2988 ea
228 2941 355 3006 tempora
367 2929 499 3006 vigentis,
513 2927 562 3008 liic
574 2921 678 3005 deerat
719 2916 784 2987 Lex
802 2920 918 3003 quidem
937 2949 1080 2987 summam
1097 2930 1155 2989 vim
1169 2916 1303 3007 habebat,

115 3028 151 3086 et
156 3029 254 3091 omnia
266 3027 303 3090 ad
314 3028 408 3100 Deum
423 3039 565 3095 auctorem
579 3027 778 3090 reserebantur.
873 3042 876 3049 ’
901 3069 916 3081 ».

119 3123 225 3202 obj.
240 3127 269 3180 4.
289 3123 381 3198 Leges
403 3121 451 3179 de
459 3118 578 3180 decimis
597 3123 749 3198 gravabant
768 3124 918 3199 populum,
929 3123 1023 3182 ditatis
1045 3076 1255 3225 Sacerdolibua,
1271 3138 1308 3195 ιιι

115 3222 151 3283 de
165 3221 294 3303 plurimis
309 3219 370 3277 aliis
385 3208 592 3296 gravaminibus
607 3220 753 3276 sileamus
865 3279 866 3284 .
1126 3258 1130 3263 ,

108 3352 112 3359 ·
139 3319 249 3398 Resp.
265 3318 299 3377 ιιι
312 3315 596 3392 distribuendaterra,
610 3315 808 3399 Sacerdotibus
822 3328 896 3376 certe
911 3338 968 3377 non
986 3320 1055 3378 sarit
1068 3312 1200 3397 Moyses,
1213 3314 1306 3381 Levi·

115 3420 177 3479 ticae
191 3418 268 3476 errim
283 3412 365 3474 tribui
379 3413 527 3473 non‘dedit
538 3413 705 3489 portionem,
721 3405 935 3486 qnamssaliarum
950 3419 1035 3491 instar
1047 3419 1173 3494 accipere
1186 3404 1308 3478 debuis-

117 3527 170 3575 set.
212 3504 509 3592 Quibus‚'1gitur,hac
534 3528 587 3569 ex
594 3515 671 3588 parte
690 3512 843 3572 detractum
863 3514 927 3591 suit,
944 3535 994 3586 eos
1014 3516 1140 3583 aliunde
1149 3521 1317 3609 sustentari

109 3606 311 3684 annumerat,
327 3610 472 3685 ideoque
469 3608 594 3670 decimas
612 3589 735 3682 aliasque
753 3611 911 3670 oblationes
916 3624 1092 3723 exegemnt,
1108 3613 1177 3686 quin
1197 3604 1305 3733 populi

101 3700 183 3796 ¹iude
196 3708 301 3793 gravati
315 3707 426 3805 dicendi
440 3707 543 3765 forent.
610 3736 614 3741 ·
654 3714 661 3724 ¹

408 3952 436 4001 c.
452 3948 511 4017 vu,
528 3924 575 4001 ιιι
592 3947 707 4002 ninius
723 3922 993 4019 Ριιοιιιιιιιιιιιι.
1032 3958 1036 3963 ·
1107 3902 1122 3935 ·.
1303 4032 1307 4040 J

106 4172 115 4182 ,
156 4096 201 4180 De
216 4097 419 4165 Pentateucho,
431 4097 481 4172 qui
494 4097 587 4176 legem
601 4080 760 4156 Mosaicarn
769 4100 893 4157 continet
903 4120 959 4158 una
972 4093 1037 4161 cum
1051 4098 1168 4160 historia
1183 4087 1303 4180 generis

117 4192 234 4257 humani
248 4194 282 4251 ab
297 4193 362 4250 orbe
384 4193 506 4260 condito,
523 4194 677 4268 praesertim
698 4194 795 4271 populi
809 4180 946 4262 Dei‘,'huc
961 4197 1050 4273 risque
1065 4194 1255 4268 tractavimus,
1270 4213 1307 4260 et·

117 4309 154 4353 ex
168 4312 205 4352 eo
216 4292 341 4350 divinam
362 4291 540 4361 revelationis
555 4291 695 4351 ¹Israelitis
717 4292 797 4352 sactae
811 4294 1015 4355 vindicavimus
1037 4296 1187 4373 originem.
1224 4286 1304 4358 'Plu--

116 4391 188 4450 rima
201 4401 294 4449 autem
310 4384 488 4463 praestosunt
500 4387 668 4445 documenta
682 4388 734 4445 alia
747 4390 848 4461 quibus
862 4408 896 4448 ea
904 4392 1026 4476 mirifice
1040 4394 1174 4461 firm-atur,
1190 4395 1301 4472 scripta

33 4502 36 4507 ·
85 4471 331 4551 „scilicetvatum
347 4483 521 4556 aliorumque
543 4483 842 4562 Ηιιιοιιιιιιιοιιιιιι,
834 4504 869 4545 ιιι
880 4489 982 4561 quibus
1001 4468 1304 4583 simplicitatemstyli

21 4652 25 4659 Ι
116 4602 289 4645 cumrerum
308 4580 479 4661 sublimitate
500 4580 596 4639 ιιιιιιιι
614 4581 688 4651 licet,
710 4593 741 4641 et
757 4584 925 4661 purissimos
941 4579 1192 4661 sanctissimosque
1207 4590 1301 4650 animi
