2738 5032
371 246 670 312 reaccensum
691 200 973 311 rumsumens.
1209 248 1270 307 ree

80 418 140 481 est,
155 410 206 486 qui
214 409 324 470 ceteris
336 418 558 489 preponeretur,
572 409 603 468 in
616 407 779 473 schismatis
790 407 948 469 remedium
959 409 1064 469 sactum
1074 414 1129 475 est,
1140 422 1273 464 uennns·

84 509 211 586 quisque
222 508 267 589 ¹ud
285 527 319 568 se
338 508 452 569 trahens
467 508 576 568 Christi
591 506 752 566 Ecclesiam
766 516 920 584 rumperet.
961 506 1036 569 Nam
1050 515 1080 565 et
1092 502 1272 565 Alexandriae

78 626 104 667 -a
117 606 219 669 Mmco
231 606 417 684 Euangelists
429 623 520 680 usqne
534 604 569 663 ad
588 603 740 663 Heraclam
761 611 789 662 et
809 603 984 681 Dionysium
999 603 1172 682 Episcopos,
1188 601 1273 660 Pres-

83 700 181 780 bynii
193 720 309 780 semper
323 716 409 765 nuum
421 720 502 765 exse
515 702 637 761 electum
650 700 682 759 in
694 700 845 759 excelsiori
858 700 946 778 grum
960 701 1138 768 collocatum,
1151 698 1274 776 Episco-

83 819 159 880 pum
173 799 374 881 nominabant:
396 797 541 873 quomodo
554 798 580 861 si
593 796 735 856 exercitus
748 796 951 874 Imperatorem
971 797 1071 865 saciat3
1092 807 1139 854 ant
1152 794 1274 854 Diaconi
1350 818 1356 829 ·

85 897 194 975 eligent
205 895 242 955 d'e
256 914 288 954 se
302 885 572 971 quem-industrium
585 895 725 964 noverint,
738 903 767 952 et
780 893 1017 953 Archidiaconum
1031 888 1164 953 vocent.”

65 1020 68 1025 ·
125 993 217 1071 Reep.
237 993 379 1060 Quamvis
400 992 574 1070 Hieronymi
588 991 775 1052 eruditionem
790 1000 819 1049 et
835 990 975 1068 judicium
996 990 1112 1069 plurimi
1125 989 1273 1056 faciamus,

87 1107 148 1149 uon
163 1089 366 1148 consuevimus
380 1098 475 1147 tamen
492 1089 587 1166 jurare
600 1089 631 1147 iu
651 1089 737 1148 verba
755 1087 893 1165 magistri,
907 1086 1029 1161 ideoque
1042 1088 1068 1145 si
1089 1105 1152 1160 que
1165 1085 1277 1162 objectu

87 1198 167 1256 sunt,
182 1186 343 1249 nullatenus
365 1186 477 1263 valeant
490 1186 635 1247 conciliari
655 1204 721 1247 oum
742 1185 778 1243 iis
792 1204 856 1258 qnae
877 1204 914 1244 ex
934 1185 1091 1262 scripturis
1110 1191 1140 1240 et
1158 1182 1275 1240 Patrnrn

87 1285 174 1345 trium
189 1285 318 1360 priorum
331 1282 500 1341 saeculorum
513 1282 657 1358 operibus,
670 1281 705 1343 de
719 1281 815 1339 divina
825 1281 1037 1359 Episcoporum
1051 1278 1237 1340 institutione.
1248 1287 1278 1335 et

88 1383 121 1441 in
133 1381 316 1465 gubernanda
328 1381 460 1439 Ecclesia
465 1381 629 1439 auctoritate
639 1379 801 1447 didicimus,
811 1398 881 1457 pace
889 1382 962 1461 eJ'us,
975 1398 1040 1440 eum
1054 1375 1298 1461 deserimushsen

91 1481 122 1540 in
133 1499 164 1539 rs
176 1479 289 1539 ducem.
312 1477 456 1537 Caeterum
465 1487 542 1536 tanto
550 1476 659 1536 doctori
668 1477 786 1535 debetur
794 1486 826 1535 ut
835 1497 870 1536 ca
878 1479 1027 1537 verborum
1039 1478 1102 1554 ejus
1113 1474 1279 1535 adhibeatur
1289 1454 1313 1483 '⁸

67 1652 70 1663 ¹
90 1578 295 1657 interpretatio,
304 1595 368 1652 que
377 1588 407 1636 et
416 1576 615 1636 uetustioribus
624 1575 826 1643 monumentis,
835 1585 863 1633 et
874 1577 958 1634 totius
970 1577 1109 1635 Ecclesiae
1121 1593 1173 1652 per
1182 1573 1280 1635 omnis

93 1677 199 1736 secula
211 1676 308 1734 sensui
321 1682 367 1734 es't
379 1662 525 1735 consona.¹
536 1674 671 1733 Fatemur
683 1673 803 1731 libenter
813 1672 987 1749 Episcopos,
1003 1675 1062 1732 lmo
1072 1684 1101 1731 et
1114 1671 1279 1750 Apostolos,

94 1773 283 1850 Presbyteros
298 1773 328 1830 in
343 1771 497 1849 Scriptnris
516 1770 672 1848 designari,
684 1787 740 1844 qua
760 1769 867 1827 ratione
881 1769 953 1826 nihil
966 1767 1120 1828 detrahitur
1132 1788 1230 1829 eorum
1251 1769 1281 1827 in

93 1869 276 1949 gubernanda
289 1870 422 1949 Ecclesia
432 1860 599 1939 auctoritati,
609 1868 680 1928 nihil
695 1867 803 1926 accedit
814 1852 991 1944 simplicium
1005 1867 1200 1936 sacerdotum,
1212 1884 1282 1941 quo·

92 1986 157 2047 rum
184 1968 354 2027 vocabulum
382 1967 537 2043 Presbyter
563 1975 663 2043 postea
686 1964 891 2024 consuetudine
916 1963 1063 2042 proprium
1089 1975 1135 2024 est
1165 1964 1281 2032 sactum,

94 2063 227 2142 dignitati
254 2062 300 2120 vel
333 2062 476 2138 potestati.
507 2060 611 2128 -Quod
636 2046 681 2119 ad¹
697 2063 826 2139 regimen
853 2061 994 2121 Ecclesia
1021 2061 1166 2121 communi
1200 2062 1284 2120 Pres-

83 2162 275 2238 'byterorunu
298 2158 408 2217 scilicet
429 2158 651 2247 Episcopomm,
672 2146 947 2241 consilio'pertinet,
972 2159 1081 2238 indiget
1104 2161 1284 2237 probatione,

57 2312 61 2321 ,
89 2275 181 2332 qnam
195 2254 294 2313 afferre
309 2254 437 2332 neglexit
454 2258 570 2331 sanctus
590 2252 697 2337 doctor.
739 2255 791 2313 Nil
805 2266 899 2315 autem
912 2256 1036 2315 refertsi
1053 2255 1215 2319 dioeceseon·
1226 2258 1284 2317 dis·

92 2353 223 2422 tributio,
238 2363 268 2411 et
287 2351 445 2431 designatio
458 2352 600 2430 Episcopi
620 2351 697 2413 haud
716 2353 751 2411 ab
770 2353 852 2411 initio
864 2353 953 2412 -t'acte
971 2354 1180 2425 existimentur,
1194 2355 1285 2416 donec

93 2453 164 2513 ortis
180 2449 463 2511 Corinthi-dissidiis
482 2466 547 2525 qun
570 2460 664 2509 narrat
682 2450 793 2510 Paulus
815 2452 872 2510 “iu
886 2462 946 2512 toto
964 2454 1032 2513 orbe
1053 2452 1220 2515 decretum”
1236 2457 1301 2525 eit,

99 2550 199 2623 utique
214 2549 249 2607 ab
262 2548 420 2625 Apostolis,
431 2559 464 2607 ut
476 2565 550 2607 nnus
561 2546 597 2637 de
612 2548 801 2626 Presbyteris,
813 2549 873 2608 veri
881 2552 1008 2610 nominis
1022 2552 1181 2632 Episcopis
1189 2565 1286 2632 utpote

104 2643 280 2723 gubernandi
293 2643 441 2703 Ecclesiae
451 2645 511 2721 jam
523 2642 704 2720 fungentibus
714 2662 840 2713 munere,
850 2648 959 2704 ceteris
971 2660 1217 2723 superponeretur,
1228 2670 1286 2708 non

100 2751 178 2802 certe
192 2741 229 2800 iis
243 2759 309 2800 oum
320 2741 427 2823 quibus
441 2758 621 2816 communem
636 2739 819 2816 impendebat
831 2743 991 2817 operamin
1005 2742 1203 2801 Ecclesiamm'
1215 2746 1287 2821 regi·

98 2839 189 2907 mine,
202 2836 255 2896 sed
268 2833 401 2895 fidelibus
414 2845 443 2895 ct
456 2835 636 2912 Presbyteris'
647 2833 791 2915 inferioris
806 2833 909 2910 gr'adus
921 2853 993 2908 qnos
1007 2837 1069 2912 ipse
1083 2836 1139 2895 sibi
1148 2837 1288 2898 adscisce·

97 2945 150 2994 ret.
179 2930 327 3007 Quidquid
341 2933 378 2991 sit
391 2931 427 2990 de
440 2931 494 2990 hac
508 2929 674 3008 hypothesi,
686 2930 775 3003 liquet
789 2930 962 3008 Epicopale
976 2932 1114 3010 regimen,
1130 2953 1167 2993 ex
1183 2935 1287 2997 Hiero·

90 3033 177 3111 nymi
187 3031 337 3100 sententia,
348 3031 379 3088 in
392 3029 558 3107 Apostolica
572 3037 654 3087 etate
667 3037 726 3087 toto
740 3029 809 3087 orbe
824 3029 1039 3112 obtinuisse‚2ob
1052 3033 1189 3095 unitatem
1204 3047 1285 3097 tuen·
1304 3030 1314 3047 ²
1328 3022 1350 3109 ‘2

95 3130 174 3198 dam,
186 3128 222 3190 de
232 3128 382 3206 Episcopo
396 3127 473 3187 enim
485 3128 540 3185 aito
561 3126 626 3185 “ad
640 3137 725 3200 quem
738 3128 832 3187 omnis
842 3127 986 3191 <Ecclesia
1000 3150 1067 3191 cura
1081 3136 1243 3210 pertineret,
1254 3124 1301 3197 ut‘

97 3225 286 3285 schismatum
300 3224 411 3284 semina
424 3214 619 3283 tollerentur.”
642 3248 647 3263 ¹
661 3224 732 3297 Qua
746 3242 784 3283 ex
798 3225 953 3302 Scripturis
967 3227 1090 3305 adducit,
1102 3224 1185 3288 nobis
1201 3232 1287 3289 etiarn

99 3317 233 3397 ridentur
252 3323 371 3400 probaro
392 3322 580 3400 Presbyteros
594 3321 762 3399 plerumque
781 3323 938 3401 episcopali
958 3319 1118 3385 auctoritate
1139 3329 1289 3406 fungentes

67 3444 72 3453 ·
99 3420 257 3499 designari,
273 3421 403 3495 quamvis
422 3420 570 3507 nonsatis
591 3419 705 3480 firmum
720 3421 759 3478 sit
778 3435 973 3499 argumentum
988 3408 1115 3483 ex'loois
1132 3426 1166 3484 in'
1186 3427 1289 3502 quibus

101 3519 201 3598 plum
223 3518 365 3597 Episcopi
388 3517 505 3577 inorbo
528 3516 623 3589 aliqua
642 3516 831 3585 exhibentu13
857 3521 985 3592 quamvis
1000 3523 1076 3579 enim
1097 3540 1134 3580 ex
1154 3522 1290 3603 singulari

90 3614 292 3695 Episcopatus
300 3625 399 3674 natura
410 3614 505 3691 plures
514 3622 749 3687 nequeantnnam
760 3632 858 3690 regere
867 3615 1039 3685 Ecclesiam,
1048 3618 1144 3695 plnres
1152 3629 1247 3682 tamen
1255 3625 1287 3684 in

95 3715 271 3775 nusuersari
279 3715 348 3773 urbe
358 3713 439 3772 facile
448 3704 611 3790 contingere
622 3712 723 3801 potuit,
733 3712 829 3773 inillis
840 3712 995 3790 praesertim
1007 3734 1102 3776 rerum
1114 3719 1286 3795 primordiis,

94 3821 130 3871 nt
140 3820 246 3903 praesto
254 3819 352 3868 essent
361 3810 445 3868 novis
454 3807 605 3867 fundandis
614 3807 804 3877 Eccleeiis„et
812 3819 844 3868 nt
853 3811 1030 3871 successioni
1039 3810 1243 3887 consuleretur,
1251 3838 1288 3878 ne
1313 3841 1315 3845 ’

98 3903 192 3968 morte
206 3915 382 3974 occurrente,
396 3904 602 3964 desideraretur
621 3904 675 3978 qui
690 3922 797 3964 novum
820 3920 999 3991 consecraret
1015 3912 1183 3986 presulem.
1203 3961 1206 3965 .
1224 3916 1289 3975 Nec
1327 3959 1330 3965 ·

98 4012 196 4065 teman
209 4001 391 4078 Hieronymo
401 4001 483 4059 sande
496 4000 669 4077 assentimur
676 3999 782 4059 dicenti
793 4001 992 4080 Presbyteros‚
1006 4006 1115 4072 scilicet
1128 4028 1200 4083 quos
1210 4011 1290 4072 intel·

100 4100 166 4179 ligit
189 4098 361 4168 sacerdotes,
384 4116 422 4157 ex
441 4098 580 4158 Ecclesia
594 4098 811 4168 consuctndiue..
827 4103 919 4179 magis
942 4114 1028 4176 qnam
1045 4123 1082 4172 ex
1102 4106 1292 4187 dispositione

108 4197 230 4257 Domini
244 4215 317 4262 esse,
329 4194 484 4274 Episcopis
499 4196 652 4273 subjectae,
667 4197 797 4270 quamvis
812 4198 890 4256 euim
903 4208 932 4256 et
944 4196 993 4259 illa
1012 4202 1195 4281 subjectionis
1210 4209 1291 4286 origo

111 4306 191 4354 esset
198 4307 388 4361 sacrosancta,
395 4304 424 4350 et
432 4292 466 4350 ab
478 4290 642 4369 Apostolioa
650 4293 713 4369 ipsa
721 4302 800 4383 etate
809 4293 942 4364 derivata,
949 4315 1006 4356 non
1018 4308 1111 4361 tamen
1122 4323 1293 4367 cumrerum

108 4393 225 4452 veritate
239 4400 365 4450 constat:
388 4387 530 4449 Dominus
546 4389 623 4469 enim
633 4389 787 4467 Apostolos
802 4392 866 4450 cu'rn
881 4378 965 4469 plena
974 4374 1115 4475 'potestne
1127 4380 1214 4468 misit,
1223 4402 1293 4479 ipsi.

105 4503 171 4562 que,
186 4504 224 4546 ex
244 4487 368 4565 Spiritus
380 4485 478 4545 Sancti
492 4485 688 4561 inspiratione,
699 4485 781 4563 juxta
799 4487 907 4548 Christi
921 4489 956 4550 de
966 4496 1130 4572 regnoejus
1144 4499 1295 4561 statuendo

110 4599 261 4669 precepta,
276 4589 346 4651 alios
360 4587 396 4649 ad
409 4588 455 4651 sui
468 4587 594 4651 muneris
607 4586 783 4654 consortium
795 4572 1020 4669 assumpserunt,
1031 4612 1107 4668 quos
1126 4592 1293 4677 Episcopus
