2738 5032
393 254 450 317 DE
472 243 704 316 Tniuunsut
725 252 970 315 nou‘rtttnm.
1216 260 1279 317 ⁸88

83 413 165 473 tione
178 412 344 484 obtinuisse,
359 423 404 491 nt,
415 415 464 492 qui
478 415 556 474 vices
570 415 632 492 ejus
646 415 676 472 in
690 413 824 473 Ecclesia
836 412 964 472 docenda
973 425 1003 472 et
1014 413 1139 492 tegenda
1152 414 1183 474 in
1193 416 1275 475 terris

86 512 170 588 gerit,
185 530 340 593 numquam
354 522 427 570 erret
440 502 470 572 in
484 513 605 571 solemni
619 511 686 570 fidei
700 510 874 578 definitione,
888 522 965 587 petra
978 511 1147 589 quippe-est
1166 511 1196 570 iu
1217 531 1275 586 qua

86 598 187 667 nititur
200 609 263 686 ipsa
275 610 426 668 Ecclesia:
443 619 463 647 ⁶⁴
474 611 531 668 Cui
545 610 659 686 propria
673 609 839 667 authoritate
853 625 971 685 regnum
986 608 1110 676 dabat,’'¹
1123 612 1276 687 interrogat

86 707 268 776 Ambrosius,
291 709 408 786 “hujus
428 708 514 792 tidem
529 709 640 766 firmare
657 728 713 767 non
735 717 853 785 poterat,
868 726 953 780 quem
974 725 1039 766 cum
1061 709 1174 767 Petram
1194 708 1273 779 dicit,

82 794 297 862 'firmamentum
312 804 451 891 Ecclesiae
466 804 649 863 indicaviti”¹
690 813 710 841 ‘⁴
720 804 786 880 lpse
801 814 895 861 antem
909 802 1085 871 Dominus,”
1101 805 1194 877 inquit
1204 805 1275 883 Epi·

86 898 222 976 phauius,
249 903 422 985 “constituit
446 921 512 961 eum
536 903 660 980 primurn
685 901 899 978 Apostolorum,
925 910 1033 978 petram
1055 901 1166 962 firmam
1188 922 1275 981 super
1349 915 1355 926 ·

80 1015 173 1070 quam
188 998 320 1069 Ecclesia
333 999 389 1058 Dei
404 999 538 1059 edificate
551 1009 604 1069 est,
614 1010 643 1058 et
657 1010 743 1076 porte
754 999 907 1057 inferorum
922 1017 980 1056 uon
993 998 1126 1057 valebunt
1138 1000 1273 1061 adversos

81 1086 176 1153 illum.
206 1096 299 1155 Portte
311 1107 403 1156 eutem
418 1098 571 1157 inferorum
580 1110 646 1157 sunt
654 1088 778 1156 hereses
789 1106 818 1156 ct
826 1097 1031 1155 heresiarchis.
1057 1097 1145 1156 Juxta
1158 1118 1273 1159 omnem

81 1190 165 1249 enim
179 1191 295 1250 modum
310 1193 419 1271 inipso
432 1194 541 1252 firmate
554 1203 598 1252 est
611 1193 693 1262 fides,
708 1195 757 1267 qni
771 1193 881 1270 accepit
892 1192 1001 1251 clavem
1021 1193 1165 1261 colorum,
1177 1205 1206 1253 et
1219 1196 1275 1255 sol·

83 1288 128 1346 vit
140 1289 170 1347 in
184 1299 266 1354 terra.
283 1299 311 1349 et
323 1290 569 1369 liget-in''caelo.”¹
607 1291 779 1350 Pontificum
801 1291 885 1368 igitur
907 1290 942 1348 de
964 1288 1020 1348 tide
1034 1289 1147 1348 decretu
1160 1308 1275 1368 semper

81 1404 154 1444 oum
168 1371 294 1446 maxima
304 1389 483 1447 veneratione
498 1399 583 1447 atots
596 1389 738 1457 Ecclesia,
750 1398 779 1446 et
789 1389 824 1447 ab
840 1387 911 1465 ipsis
925 1388 1010 1446 etiam
1020 1387 1274 1466 oecumenicis'Sy·

84 1480 171 1540 nodis
185 1493 252 1541 sunt
264 1490 403 1561 excepta3
424 1492 452 1542 ot
465 1485 595 1558 quumvis
610 1483 645 1541 ad
658 1484 768 1542 animos
782 1472 974 1543 conciliandos
996 1483 1122 1543 examini
1135 1503 1274 1544 nonnum·

79 1565 170 1651 quam
186 1581 243 1638 sint
256 1570 383 1659 subjecta
397 1581 426 1640 in
440 1581 527 1639 sacris
542 1580 599 1638 illis
613 1580 747 1648 comitiis,
761 1599 820 1639 non
842 1590 936 1640 tamen
950 1580 1037 1638 veluti
1057 1599 1103 1640 res
1128 1580 1221 1641 dubiae
1245 1590 1274 1641 et
1301 1602 1307 1613 ¹

83 1675 210 1750 incertae,
226 1696 296 1751 quas
310 1676 470 1737 rescindere
484 1678 591 1745 liceret,
606 1675 657 1734 sed
672 1678 766 1754 potius
782 1676 989 1752 Scripturamn
1009 1688 1039 1736 et
1057 1677 1173 1736 Petrum
1195 1673 1273 1747 testi·

14 1805 19 1809 -
81 1772 191 1830 moniis
224 1766 395 1842 muniendae,
422 1782 455 1833 ut
487 1773 686 1851 refragantium
716 1773 890 1855 frangeretur
922 1773 1084 1848 pertinacia.
1126 1773 1205 1832 Hinc
1239 1774 1271 1833 S.

79 1867 248 1929 celestinus
280 1872 428 1949 epistolam
458 1871 659 1950 dogmaticam
679 1870 814 1929 adversus
846 1869 1012 1928 Nestorium
1043 1872 1180 1940 scribens,
1210 1870 1271 1950 c'y-

29 1974 32 1981 '
82 1964 150 2047 rillo
175 1967 372 2045 *Alexandrino
400 1967 563 2050 patriarchas
590 1969 723 2045 injunxit,
751 1978 782 2025 ut
812 1967 839 2024 ei
866 1965 1042 2024 subscribere
1071 1965 1222 2026 Nestorius
1247 1970 1273 2027 si

73 2062 184 2134 nollet,
199 2074 264 2139 post
276 2063 375 2122 decem
387 2063 448 2122 dies
463 2085 480 2122 a
493 2067 693 2124 communione
712 2064 916 2124 Ecclesiastica
929 2051 1171 2132 abscindendum·
1191 2077 1220 2124 et
1239 2066 1272 2124 8.
1316 2079 1319 2084 ’

77 2161 146 2220 Leo
161 2178 242 2218 suam
261 2159 329 2217 fidei
343 2152 552 2236 expositionem
573 2170 716 2233 tamquam
732 2171 877 2228 tesseram,
893 2179 978 2235 quam
1003 2158 1121 2218 omniuo
1144 2161 1271 2236 recipere

80 2262 239 2331 oporteret,
254 2252 377 2313 tradidit.
376 2260 414 2291 ⁴
431 2255 557 2328 Uterque
573 2255 707 2313 Pontifex
722 2256 818 2334 Petri
811 2266 948 2332 interpres
959 2255 1115 2314 aPatribus
1127 2254 1274 2337 utriusque

80 2351 211 2411 Concilii
233 2352 347 2410 habitus
368 2360 430 2411 est.
462 2351 664 2410 “Anathema
678 2352 705 2410 ei
733 2352 782 2426 qui
809 2371 868 2453 non
895 2354 934 2412 ita
955 2351 1053 2411 eredit.
1095 2352 1198 2412 Petrus
1221 2373 1273 2432 per

80 2451 212 2510 Leonem
226 2451 337 2509 locutus
351 2450 442 2508 est.”⁵
515 2471 518 2476 ·
974 2476 977 2483 ·

123 2546 239 2604 Petrum
258 2547 419 2605 testimonia
443 2546 650 2625 quamplurima
671 2520 822 2624 possemus
846 2548 878 2607 in
897 2547 1022 2607 medium
1045 2548 1194 2618 adducere,
1219 2549 1271 2608 sed

78 2644 334 2712 nnumaltemmve
349 2645 417 2701 satis
431 2643 484 2702 erit
496 2644 647 2702 indicasse.
689 2646 721 2703 S.
743 2645 864 2704 Pennus
884 2644 1101 2702 Ounusonooos
1122 2645 1157 2704 ad
1178 2647 1271 2723 Euty·

78 2741 195 2800 ohetem
210 2742 341 2819 scripsit:
384 2744 403 2777 ‘⁶
412 2741 446 2798 In
460 2742 592 2799 omuibus
606 2741 750 2799 hortamur
763 2753 800 2809 te,
815 2742 899 2800 frater
909 2740 1093 2808 honorabilis,
1106 2751 1137 2798 ut
1151 2724 1195 2798 his
1207 2759 1271 2814 quae

83 2856 102 2894 a
115 2832 287 2902 Beatissimo
301 2836 381 2913 Papa
395 2834 531 2909 Romame
546 2835 666 2892 civitatis
681 2836 844 2911 prescripta
858 2845 934 2899 sunt.
949 2833 1115 2914 obedienter
1133 2835 1272 2905 attendas,

74 2932 217 3007 'quoniam
231 2934 266 2990 B.
283 2932 395 3000 Petrus,
411 2931 499 3005 quiin
513 2931 627 3008 propria
640 2929 708 2988 sede
724 2931 793 2987 vivit
806 2941 835 2987 et
853 2920 995 3006 presidet,
1011 2932 1125 3007 praestat
1145 2950 1271 3004 quaeren·

82 3027 158 3086 tibus
175 3028 250 3087 ndei
272 3026 450 3087 veritatem.''
492 3027 523 3084 S.
538 3027 738 3094 Bennansos,
759 3025 875 3089 nomine
901 3026 1029 3084 omnium
1057 3026 1270 3106 Episcoporum

85 3106 249 3200 (ιιιιιιιιιιι
265 3125 352 3185 causa'
367 3125 534 3194 Abaelardi,
556 3125 591 3184 ad
612 3125 809 3204 innocentium
829 3124 869 3183 II.
891 3126 1022 3203 scripsit:
1065 3136 1085 3176 ‘t
1096 3127 1217 3205 Oportet
1236 3129 1271 3188 ed

81 3234 208 3304 vestipm
221 3225 320 3283 referri
339 3216 536 3308 Apostolatunt¹
556 3223 682 3300 pc'ricula
702 3225 822 3297 queque
842 3233 871 3282 et
890 3225 1023 3284 scandala
1046 3227 1220 3303 emergentia
1238 3227 1270 3284 in

78 3340 175 3399 regno·
184 3322 250 3391 Dei,
266 3333 294 3381 et
307 3323 463 3400 prasertim
476 3341 543 3397 vquae
557 3322 592 3380 de
607 3322 663 3381 lide
683 3324 861 3399 contingunt.
895 3323 1032 3400 ¹Dignum
1053 3341 1177 3395 namque
1199 3323 1270 3381 arbi-

77 3428 149 3487 tros,
164 3419 203 3478 ibi
217 3412 399 3498 potissimum
415 3419 543 3477 resarciri
556 3418 659 3477 damna
674 3418 751 3486 fidei,
767 3408 815 3475 ubi
835 3437 895 3476 non
907 3429 1002 3495 potest
1016 3417 1087 3476 fides
1102 3418 1207 3475 sentire
1222 3417 1271 3476 de·
1303 3402 1308 3420 ⁵

75 3518 196 3580 sentum.
238 3517 310 3575 Haec
325 3514 430 3593 quippe
445 3515 630 3594 praerogativa
643 3513 731 3572 sedis.
774 3513 833 3571 Cui
846 3516 922 3572 enim
937 3516 1017 3573 alteri
1038 3513 1190 3586 aliquando
1211 3501 1269 3574 dic·

57 3631 59 3634 ⁴
74 3618 141 3673 tu'm
155 3622 233 3672 est:
258 3613 324 3690 Ego
336 3603 436 3689 'rogavi
448 3629 500 3688 pro
515 3623 553 3677 te,
569 3610 664 3678 Peme,
680 3620 711 3667 ut
724 3628 781 3667 nou
796 3609 909 3667 deficiat
922 3610 994 3667 fides
1009 3621 1056 3668 tua
1066 3609 1100 3666 i”
1248 3614 1251 3619 ’

120 3713 190 3771 Non
215 3722 308 3769 temen
333 3711 427 3788 placet
447 3728 481 3766 sa
500 3707 635 3781 loquendi
655 3708 726 3765 ratio
748 3726 803 3780 qua
819 3708 957 3769 Pontifex
978 3726 1009 3766 se
1030 3708 1093 3767 solo
1113 3709 1268 3770 infallibilis

76 3809 257 3889 praedicatur,
272 3828 337 3867 nam
357 3808 393 3866 de
410 3825 446 3865 eo
468 3815 612 3880 tamquam
633 3805 741 3898 privato
762 3805 887 3873 doctore,
909 3805 1118 3883 privilegium
1110 3811 1268 3868 merrantiae

76 3926 166 3968 nemo
187 3907 245 3965 fere
259 3925 299 3964 ex
318 3904 476 3982 Theologis
492 3902 650 3961 Catholicis
671 3902 799 3960 noscitur
819 3921 1037 3980 propugnasse,
1057 3922 1110 3962 nec
1125 3891 1267 3980 tamquam

75 4000 215 4094 Pontifex
228 4000 306 4061 solus
321 4010 374 4068 est,
389 4000 417 4058 ei
431 3999 542 4077 quippe
558 3999 671 4061 docenti
685 3997 810 4057 adhaeret
823 3998 1035 4077 Episcoporum
1051 4000 1234 4079 collegium,
1227 4001 1268 4063 uti

340 4213 375 4274 (l)
388 4212 413 4261 S.
422 4214 509 4262 Ambr.
521 4211 536 4260 l.
547 4212 580 4260 iv.
592 4212 622 4260 de
635 4213 682 4261 fide
694 4213 724 4261 ud
736 4211 892 4261 Gratianum.
968 4232 971 4239 ¹

338 4298 374 4358 (2)
388 4297 477 4362 Epiph.
488 4297 504 4345 l.
514 4312 596 4361 ancer.
609 4314 630 4360 p.
642 4296 697 4354 ast.

263 4430 265 4434 .
341 4378 650 4443 (strictitconcuph.
851 4416 859 4429 .

336 4469 373 4526 (4)
385 4464 432 4528 Ep.
444 4465 474 4514 ad
484 4463 569 4512 Patres
579 4463 663 4512 Chele.
767 4492 774 4506 -
839 4498 841 4505 ·

342 4549 461 4611 (meone.
473 4548 544 4596 chel.
570 4586 572 4591 .
