2738 5032
1332 122 1358 179 9,

389 252 443 317 oa
463 240 682 317 noocnsna
703 250 981 319 consumans.
1215 208 1308 339 sti.
1355 246 1360 255 '

92 412 1276 497 aucmntatemdesignandsmdrchiepiscopinomcnposteatributun'cstcpiscopic
1346 490 1351 499 Ι

95 510 166 578 illis,
180 510 230 585 qui
244 510 438 588 progrediente
452 521 579 588 ternpore
594 512 772 586 Patriar'choe,
783 513 892 573 scilicet
902 514 1016 574 Petrum
1028 510 1179 593 priucipes,
1190 518 1275 577 etiam
1330 558 1335 567 ·

95 606 166 666 dicti
180 613 269 667 ιιιιιι.Ι
309 608 705 686 Constantinopoli·tedificata
718 611 765 668 ubi
780 610 952 686 Byzantium
966 622 1087 681 steterat,
1099 602 1180 690 cujus
1190 614 1275 692 Epis·
1310 674 1313 679 ,

95 718 186 782 copus
208 706 357 783 Episcopo
376 706 524 765 Heracleae
543 706 750 783 subjiciebatur,
772 708 863 766 visum
884 718 928 766 est
947 727 1009 768 eam
1029 728 1132 769 novam
1152 710 1274 771 Romam

96 801 256 881 designare,
278 813 306 861 et
326 803 508 880 amplissimis
522 822 620 862 ornare
640 794 805 881 privilegiis,
826 806 963 882 episcopo
978 806 1088 883 juribus
1108 828 1125 866 a
1145 808 1275 869 Romano

95 900 232 976 episcopo
246 898 379 957 secundis
394 899 512 981 tributis,
527 899 557 958 in
572 899 715 967 conciliis
726 899 1048 978 Constantinopolitano,
1070 912 1097 960 et
1118 902 1274 963 Chalcedo-

95 995 188 1053 nensi.
230 993 344 1053 Restitit
356 996 492 1054 Summos
506 994 648 1063 Pontifex,
662 1014 698 1054 ne
712 996 813 1073 injuria
828 997 947 1055 Sedibus
962 996 1161 1058 Alexandrinae
1173 1008 1204 1059 ct
1216 1000 1273 1058 An·

95 1091 233 1155 tiochenae
254 1092 410 1160 inferretur,
431 1091 482 1150 sed
509 1112 566 1151 nou
593 1093 674 1151 facile
701 1095 787 1151 cessit
806 1095 947 1153 Antistitis
968 1094 1273 1172 constantinopolitani

94 1190 221 1258 ambitio,
235 1190 285 1263 qui
299 1189 460 1266 patriarchae
474 1209 578 1249 nomen
592 1192 824 1251 etauctoritatem
838 1192 949 1252 taudem
966 1193 1095 1251 obtinuit.
1137 1194 1273 1253 Hieroso·

93 1286 238 1367 lymitama
252 1285 320 1344 Sadi
334 1278 480 1364 privilegia
495 1288 615 1364 juraque
630 1288 739 1357 tributa,
754 1308 857 1367 nempe
870 1301 902 1348 ιιι
916 1300 971 1348 tres
987 1290 1144 1349 Palaestina
1164 1291 1192 1349 ei
1207 1293 1272 1350 sub·

94 1394 200 1450 essent,
216 1384 383 1442 Patriarchae
397 1402 502 1442 noman
516 1383 663 1462 Episcopo
677 1385 835 1444 attulerunt.
877 1387 1008 1460 Sequiori
1022 1397 1101 1445 astate
1117 1389 1183 1466 J'ura
1196 1407 1271 1463 qua·

94 1480 159 1540 dam
174 1481 317 1558 precipua
326 1481 518 1558 Aquilejensi,
530 1479 766 1557 Ulyssiponensi,
780 1492 809 1540 et
823 1482 932 1542 Veneto
947 1485 1090 1562 episcopis
1111 1505 1128 1543 a
1147 1486 1179 1544 S.
1195 1484 1270 1543 Sede

94 1599 230 1649 concessa
240 1580 319 1639 titulo
329 1579 429 1638 eodem
442 1578 609 1637 claruerunt.
636 1577 703 1655 lpse
718 1589 811 1637 autem
824 1578 988 1657 Episcopus
1001 1582 1158 1653 Romanus,
1171 1588 1272 1662 preter

92 1695 154 1743 eam
169 1696 253 1751 quam
268 1678 297 1736 iu
312 1678 472 1736 universam
486 1658 646 1735 Ecclesiam
660 1672 820 1734 necessarii)
836 1676 942 1734 obtinet
963 1680 1163 1748 auctoritatem,
1178 1680 1271 1758 speci·

93 1773 163 1833 alem
180 1773 429 1852 jurisdictionem'
422 1793 452 1832 ιιι
466 1760 641 1833 Occidentali
655 1770 797 1841 Ecclesia,
813 1782 955 1891 tamquam
975 1776 1140 1867 patriarcha,
1156 1796 1271 1856 semper
1283 1669 1323 1898 j

94 1874 240 1933 consuevit
253 1892 393 1932 exercere.

128 1968 322 2045 Amplissima
333 1967 555 2028 Patriarcbarum
572 1969 662 2028 ditio'
654 1989 684 2028 ιιι
697 1966 907 2048 pluresdivisa
911 1977 955 2027 est
967 1968 1137 2047 provincias,
1151 1989 1270 2044 quarum

93 2084 157 2125 cura
171 2066 319 2142 Episcopo
333 2075 377 2122 est
389 2063 563 2133 demandata,
574 2064 728 2143 Episcopis
742 2067 791 2142 qui
805 2067 867 2144 ejus
880 2076 973 2144 partes
987 2080 1038 2125 seu
1052 2066 1196 2137 diaeceses,
1207 2086 1270 2143 qum

92 2156 160 2222 olim
170 2160 297 2237 paracio
307 2150 477 2228 dicebantur,
489 2161 631 2237 regebant,
643 2163 704 2238 ejus
718 2163 874 2226 auctoritati
885 2163 1033 2243 subjectis..
1064 2164 1142 2225 Hinc
1152 2166 1269 2225 Archie·

90 2259 203 2337 piscopi
212 2274 318 2316 nomen
326 2255 468 2325 tributum,
478 2248 510 2315 ιιιΙ
516 2258 609 2334 potior
621 2257 813 2335 designaretur
824 2261 983 2327 auctoritas,
996 2254 1184 2340 Metropolitae
1199 2282 1269 2337 quo·

90 2372 154 2428 que,
165 2353 232 2427 quia
241 2353 271 2411 in
278 2354 346 2412 urbe
354 2354 496 2432 precipua
504 2338 770 2423 morariconsnsvit,
778 2354 823 2412 vel
832 2355 1010 2425 in'Ecclesia,
1019 2376 1081 2432 qum
1091 2370 1179 2418 mater
1187 2367 1267 2419 coete'·

88 2469 182 2515 amm
204 2436 364 2529 nautam.
406 2450 575 2510 Timotheus
595 2450 625 2509 ιι
640 2452 738 2510 Asiam
758 2452 932 2529 provinciam
951 2453 1024 2512 uano
1040 2455 1266 2531 pemmonem
1291 2524 1294 2533 ,

86 2547 221 2610 habuisse
232 2547 349 2618 videtum
359 2548 410 2607 ssd
414 2536 596 2627 jurasingula
602 2541 846 2626 Metropolitamm
853 2542 932 2609 aucta
938 2561 1004 2609 sunt
1011 2553 1056 2610 vel
1061 2553 1208 2613 imminuta
1214 2571 1266 2633 pro

84 2653 248 2725 tcmpomm
260 2645 428 2711 diversitate,
438 2645 607 2721 specialibus
617 2644 812 2706 Conciliomm
822 2647 867 2704 vel
877 2646 1048 2705 Pontificum
1062 2651 1264 2708 sanctionibus.
1278 2642 1280 2647 ’
1313 2688 1316 2695 -

80 2740 174 2803 Juxta
182 2740 346 2802 hodiernam
354 2732 531 2817 disciplinam
539 2740 870 2819 habetArchiepiscopus
876 2742 1104 2816 jusconvocandi
1112 2744 1265 2804 concilium

77 2842 287 2920 cpiscoporum
302 2837 452 2916 provinciae
466 2845 495 2894 et
507 2836 534 2893 ei
545 2822 716 2912 praesidendi
726 2841 749 2892 :¹
762 2835 923 2911 excipiendi
937 2852 1050 2907 quoque
1063 2836 1265 2912 appellationes

76 2939 117 2997 ab
132 2937 335 3014 episcoporum
348 2924 757 3015 suffraganeomm'sententiis,
772 2940 801 2988 et
813 2929 945 2989 visitandi
958 2947 1054 2989 corum
1069 2926 1213 3002 dimoeses,
1226 2952 1265 2994 ex

70 3051 169 3101 causa
182 3034 270 3111 prius
268 3033 389 3110 probata
401 3029 522 3113 concilio
535 3024 723 3117 pmv'inciali.⁸
757 3026 886 3097 Primus
899 3027 1000 3088 dicitur
1012 3030 1061 3103 qui
1078 3032 1263 3110 metropolitis

71 3134 206 3219 alicujus
220 3133 342 3192 nationis
341 3124 489 3207 velregni
504 3136 614 3215 preest,
624 3126 727 3204 potiori
742 3126 876 3202 quadam
875 3120 988 3187 ornatus
1003 3130 1173 3189 auctoritate.
1214 3132 1263 3191 Sic

69 3227 297 3309 Lugdunensis,
306 3210 739 3294 Armachanumcantuariensis.
760 3214 1262 3339 SolnsLugdun'ensisappellationes

67 3310 267 3403 excipiendi'
255 3345 304 3404 Jns
318 3324 437 3383 rotinere
450 3321 560 3380 drcrtnr
562 3324 575 3357 ⁴
648 3336 651 3341 ·

122 3422 264 3489 Quamvis
278 3419 512 3486 Patriarchamm,
525 3417 682 3475 Primatum
700 3425 728 3474 et
742 3416 983 3492 Metropolitamm
994 3414 1076 3479 ,ιιιιιιι
1098 3415 1261 3491 Apostolica

68 3518 166 3585 sero
178 3520 236 3578 sint
249 3518 428 3596 posteriores,
442 3526 470 3574 st
485 3517 550 3592 J'ura
570 3502 598 3572 et
617 3513 764 3590 privilegia
778 3524 876 3573 eorum
893 3514 1064 3590 specialibus
1076 3506 1260 3575 conciliorum

68 3596 129 3683 ¹vel
142 3618 316 3679 Pontificum
331 3614 531 3681 sanctionibus,
547 3611 661 3670 definita
674 3610 741 3677 sint,
756 3622 785 3668 et
797 3620 877 3681 aucta
891 3610 935 3668 vel
949 3611 1102 3668 im'minuta'
1118 3630 1169 3688 pro
1191 3622 1259 3673 tem·

71 3715 187 3795 porum
199 3709 479 3779 accomodantur
492 3717 584 3765 umen
599 3705 779 3766 fundamenta
787 3706 873 3764 veluti
883 3706 1005 3783 jactaab
1016 3707 1160 3784 Apostolis
1174 3710 1256 3788 ipsis,

74 3822 222 3889 quatenus
236 3807 389 3886 Episcopis
403 3804 545 3864 nonnuliis
559 3823 626 3861 cura
637 3802 777 3861 aliomm
769 3813 841 3860 rutra
854 3812 945 3861 certos
960 3803 1031 3860 fines
1043 3813 1087 3861 est
1094 3824 1255 3868 commissa
1286 3822 1289 3826 “

73 3907 113 3972 Id
134 3908 252 3985 quidem
272 3922 428 3966 consonum
448 3903 500 3961 luit
520 3901 628 3959 Christi
648 3900 767 3993 consilio
787 3901 946 3961 Ecclesiam
974 3919 1053 3961 suam
1081 3922 1132 3979 per
1156 3908 1254 3981 orbem
1312 3900 1315 3909 ’

76 4004 270 4115 diffundendi,
285 4017 402 4073 eamque
416 3997 578 4057 arctissimis
599 4014 684 4055 sacrae
705 3983 912 4056 communionis
927 3996 1046 4055 vinculis
1066 3999 1253 4063 coherentem

113 4237 151 4299 (ι)
168 4183 200 4285 Iu
215 4182 291 4285 conc.
300 4230 383 4281 Chalc.
400 4228 451 4278 Leo
467 4178 502 4279 lli.
513 4182 716 4295 Archispiscopua
732 4234 757 4278 et
773 4227 912 4293 patriarcha
933 4231 1045 4279 vocamr:
1058 4171 1176 4315 deinceps
1192 4248 1252 4285 ιιιιιι
1278 4216 1282 4227 “

84 4319 186 4373 invaluit
197 4325 224 4370 ut
234 4317 304 4369 alii'’
287 4333 318 4367 ns
329 4317 487 4380 dignarentur
497 4311 627 4362 vocabulis.
665 4356 668 4365 ,
862 4340 865 4345 -

113 4403 150 4466 (2)
161 4403 236 4452 Cone.
247 4400 316 4449 Trid.
326 4398 390 4446 Sese.
400 4395 438 4444 24.
450 4412 470 4445 c.
481 4394 503 4443 2.
513 4394 545 4443 da
555 4393 656 4444 Rcf.

112 4485 149 4548 (³)
160 4482 221 4537 ibid.
232 4499 254 4534 c
265 4482 289 4532 3.

111 4569 148 4634 (4)
160 4567 223 4619 vic·
233 4564 353 4622 Deuotil.
364 4561 399 4612 11.
409 4562 423 4623 b
433 4560 531 4613 ωιιιι.
574 4586 576 4593 -

195 4651 269 4712 Vox..
285 4648 387 4710 ι.-’-34
