2738 5032
350 260 407 321 DE
429 256 792 321 APOSTOLIGITATE
813 258 1046 321 ECCLESIAE.
1233 260 1289 318 att

106 409 176 485 IX„
191 417 331 479 intrusum
354 420 421 479 lieet
441 429 470 479 et
489 417 647 497 iudignum,
662 417 862 478 Pontificatum
880 418 971 477 valide
984 418 1146 477 exercuisse
1167 415 1294 494 plerique

68 570 73 575 .
103 524 236 584 censent,
250 516 383 576 Ecclesia
395 536 449 577 suo
462 535 581 576 assensu
595 516 741 575 electionis
756 515 855 573 vitium
870 515 993 584 tollente,
1008 534 1044 574 ne
1058 514 1181 593 graviori
1195 513 1293 573 ultis.

101 609 187 669 matis
207 611 283 671 malo
311 614 487 673 laceraretur.
528 613 596 671 Fuit
614 614 698 670 etiarn
719 612 807 670 series
829 612 989 670 continuata
1009 612 1191 680 Pontificum,
1205 608 1293 687 Epis·

104 706 188 783 oopis
200 706 341 768 Romanis
357 709 503 768 Avenioue
523 708 701 786 degentibus,
716 707 880 785 Episcopus
901 707 978 765 enim
999 726 1058 769 non
1077 708 1178 766 amittit
1191 705 1291 766 sedem

78 803 218 899 4'etiamsi
232 807 330 883 procul
344 808 379 866 ab
393 826 427 866 ea
440 815 583 866 verseturt
606 805 671 865 ideo
685 806 839 864 Pontifices
855 805 897 863 illi
916 804 998 863 electi
1018 815 1047 863 et
1066 804 1206 882 designati
1225 812 1293 864 sunt

64 914 82 961 .·
102 896 249 977 Episcopi
269 901 403 972 Romani,
418 912 447 962 et
465 912 607 977 tamquam
628 901 663 960 B.
679 901 757 961 Petri
778 918 958 960 successores
978 902 1138 960 nniversam
1159 902 1294 978 regebant

106 980 282 1056 Ecclesiam.
322 999 406 1067 Quod
419 1000 541 1078 pertinet
554 998 589 1057 ad
602 998 728 1056 schisma
748 1007 875 1075 ternpore
898 998 1006 1073 Urbani
1019 998 1075 1057 vt..
1087 999 1250 1068 excitatum,
1264 1008 1294 1058 et

110 1111 165 1170 per
184 1094 367 1175 qnadraginta
387 1097 445 1157 fere
467 1088 556 1156 anuos
577 1097 888 1166 continuatum,'altero
908 1097 1019 1165 Rornae,
1034 1097 1122 1156 altero
1134 1097 1293 1167 Avenione,

52 1208 70 1263 j
102 1206 136 1248 se
150 1188 330 1270 Episcopum
344 1195 516 1264 Romanurn,
530 1204 559 1254 et
572 1195 607 1253 B.
623 1195 700 1254 Petri
714 1212 908 1268 suscessorem
931 1181 1110 1273 praedicante,
1125 1194 1162 1253 lis
1178 1213 1241 1269 que
1255 1195 1291 1255 de

102 1286 398 1366 legitimopontilice
421 1306 465 1353 est
487 1303 555 1362 orta,
577 1294 631 1352 etsi
651 1294 832 1372 gravissimas
854 1313 954 1353 secum
977 1293 1089 1352 duxerit
1110 1292 1292 1362 calamitates,

106 1386 213 1446 seriem
233 1388 413 1449 Pontificiam
433 1389 547 1449 dubiam
561 1407 619 1449 non
632 1391 729 1460 efficit,
744 1390 874 1450 alteruter
887 1392 963 1450 enirn
978 1406 1061 1450 verus
1082 1390 1217 1450 Pontifex
1231 1390 1293 1449 fuit.

105 1481 144 1542 Iu
156 1483 206 1543 illo
220 1485 378 1545 animorum
393 1497 462 1547 aestu
476 1487 541 1561 quis
554 1487 603 1561 ille
621 1488 693 1546 foret
706 1506 763 1547 non
777 1488 858 1547 facile
877 1490 997 1566 patebat,
1012 1489 1064 1547 sed
1078 1489 1222 1566 plerisque
1232 1488 1294 1566 jam

62 1593 66 1599 '
106 1579 210 1641 Roma
224 1567 327 1644 sedens
341 1584 429 1644 fuisse
443 1584 562 1644 videtur.
603 1585 765 1655 Tentamen
778 1585 809 1643 in
820 1595 891 1643 cetu
905 1587 1011 1646 Pisano
1025 1587 1126 1646 initum
1140 1597 1293 1661 utrumqne

104 1679 232 1756 eogendi
247 1692 279 1741 ut
298 1683 377 1759 pacis
398 1702 483 1748 causa
501 1684 561 1743 suis
582 1683 695 1742 cederet
710 1683 833 1760 juribus,
855 1683 928 1741 tertii
951 1684 1082 1744 electioni
1109 1684 1188 1744 dedit
1214 1704 1294 1744 occa·

109 1774 235 1845 sionem,
250 1777 359 1851 'quibus
379 1779 485 1839 idcirco
506 1779 541 1838 de
564 1762 674 1857 Papam
695 1778 929 1838 contendentibus
951 1777 1035 1838 dubia
1055 1782 1183 1840 omnium
1205 1782 1295 1840 evasit

103 1873 270 1942 auctoritas,
285 1874 377 1933 donec
397 1875 428 1935 iu
450 1875 583 1936 Concilio
603 1862 817 1935 constantiensi
838 1875 1007 1953 gravissimo
1026 1876 1102 1934 rualo
1124 1877 1237 1955 allatum
1257 1878 1296 1936 sit

103 1969 278 2039 remedium,
298 1970 464 2030 cedentibus
486 1972 532 2031 vel
551 1972 689 2050 depositis
710 1973 798 2031 tribus
820 1972 931 2041 illis,·st
950 1982 1026 2031 certo
1040 1972 1130 2031 electo
1144 1973 1294 2032 Pontifice.

102 2066 144 2126 In
157 2085 245 2144 regno
259 2062 472 2141 nonnumquam
486 2069 663 2131 contenditur
674 2068 709 2127 de
719 2071 784 2147 jure
795 2070 941 2147 regnandi,
954 2071 994 2129 uti
1005 2077 1081 2129 nunc
1092 2070 1122 2129 in
1134 2070 1294 2148 Hispaniis,

63 2159 67 2165 ’
99 2181 163 2224 nco
177 2163 242 2223 ideo
257 2163 333 2238 perit
345 2180 474 2241 regnum,
486 2165 622 2237 quamdin
636 2166 713 2242 regia
724 2168 876 2243 auctoritas
890 2177 953 2226 actu
966 2180 1123 2226 exercetur.
1164 2168 1207 2226 lta
1220 2168 1296 2226 Pon·

98 2256 199 2318 tilieia
218 2258 401 2332 exercebatur
421 2259 571 2318 auctoritas
592 2260 676 2318 etiarn
697 2260 765 2319 dum
786 2260 820 2319 de
837 2261 902 2339 jure
922 2263 1145 2338 contenderetur,
1162 2250 1313 2343 jurisdic'

99 2354 207 2428 tioqne
223 2354 408 2432 supplebatur
420 2373 518 2415 eorum
532 2356 683 2434 gratiaqui
696 2357 770 2416 bona
783 2357 839 2416 lide
853 2359 937 2417 alicui
950 2378 987 2418 ex
1000 2348 1233 2421 contendentibus
1247 2348 1295 2420 ad·

101 2444 250 2512 herebat}
273 2449 365 2521 Dens,
388 2451 505 2529 quippe,
520 2454 621 2511 merito
635 2453 770 2511 censetur¹
785 2454 816 2513 in
834 2454 882 2512 ille
902 2455 1060 2533 teinporum
1079 2455 1252 2527 difficultate,
1267 2466 1295 2516 et

102 2565 204 2608 rerum
218 2549 366 2626 angustiis,
381 2567 433 2628 pro
447 2568 498 2607 sna
518 2540 689 2628 benignitate
710 2560 768 2609 rata
787 2551 890 2610 habere
911 2553 974 2627 que
994 2554 1143 2614 bonafide
1163 2566 1292 2633 aguntur.

104 2645 263 2704 Successio
278 2646 443 2723 Apostolice
463 2646 549 2724 igitur
561 2647 647 2705 claret
660 2648 690 2705 in'
703 2647 845 2716 Ecclesia,
860 2650 957 2722 quiea
970 2652 1145 2727 temporibus
1162 2653 1196 2710 B.
1213 2652 1293 2712 Petri

102 2759 255 2816 nunquam
268 2741 358 2801 defuit
370 2743 535 2825 Episcopus
550 2743 697 2802 Romanum
710 2763 762 2821 per
775 2744 889 2817 aliquod
903 2745 1081 2803 intervallum
1100 2746 1176 2819 quod
1188 2748 1293 2808 seriem

105 2839 278 2921 abrumpere
298 2840 400 2918 possit
443 2838 527 2906 Quod
547 2848 640 2899 autem
660 2841 691 2898 in
711 2859 778 2897 casu
803 2841 900 2913 aliquo
920 2841 1037 2916 speciali
1057 2841 1179 2900 dubitari
1203 2845 1294 2921 possit

99 2937 185 3021 ⁸i'nter
198 2935 270 2996 dnos
284 2937 331 2996 vel
350 2936 446 3014 plures
467 2936 532 3009 quis
552 2936 697 3014 legitimus
717 2936 797 2995 foret·
808 2936 954 3006 Pontifex,
969 2936 1061 3014 ipsam
1081 2940 1294 3002 successionem

61 3036 64 3041 ’
107 3020 274 3096 nullatenus
288 3033 422 3102 infirmat,
444 3050 507 3107 que
521 3042 596 3090 certa
609 3051 642 3091 ac
652 3032 810 3092 ‘manifesta
830 3043 924 3092 estex
938 3034 1038 3093 morali
1053 3037 1142 3096 seriei
1155 3039 1294 3098 continui·

106 3140 178 3190 fate.

154 3227 220 3308 obj.
234 3235 264 3288 2.
285 3228 382 3295 Quum
396 3235 436 3286 tot
449 3226 625 3295 difficultates
637 3229 848 3289 successionem
863 3230 1047 3300 circumdent,
1060 3233 1174 3291 nonnisi
1187 3251 1224 3292 ex
1235 3233 1293 3290 his·

89 3324 191 3384 storiis
209 3323 267 3384 fide
287 3308 391 3402 dignis,
407 3324 451 3383 rel
471 3325 534 3383 aliis
548 3325 726 3385 documentis
746 3328 925 3396 authenticis,
940 3323 1106 3397 enodandae,
1120 3328 1210 3402 liquet
1227 3336 1291 3390 eam

107 3439 171 3483 non
184 3441 268 3499 posse
283 3403 454 3481 adhiberi'ut
465 3421 596 3480 Ecclesia
610 3441 675 3480 vera
688 3423 878 3500 dignoscatur.

150 3515 240 3597 Hesp.
253 3518 441 3578 Difficultates
452 3518 518 3587 illae,
530 3518 644 3576 nonnisi
654 3517 795 3576 industria
806 3518 977 3579 eruditorum
992 3519 1141 3577 homiuum
1152 3519 1291 3580 Ecclesia

109 3609 294 3677 adversorum
308 3616 442 3684 collectae,
455 3634 569 3675 ornnem
583 3614 709 3692 speciem
721 3615 859 3682 amittunt,
871 3611 933 3692 ipsa
945 3635 1040 3674 rerum
1053 3604 1210 3675 evidentia:
1225 3637 1292 3679 con·

108 3713 255 3795 statonim
269 3714 401 3772 omnibus
417 3712 556 3772 Ecclesiae
570 3702 696 3790 pastores
711 3711 765 3770 ritu
785 3712 906 3771 solemni
920 3713 1088 3793 consecrari,
1103 3723 1132 3773 et
1149 3733 1186 3774 ex
1200 3716 1292 3794 Apos-

110 3811 203 3872 tolicoe
215 3811 299 3870 Sedis
315 3811 475 3870 auctoritate
490 3811 605 3888 praefici,
620 3806 701 3888 cujus
715 3819 883 3888 potestatem
902 3830 953 3888 per
966 3810 1069 3870 saecula
1088 3812 1209 3889 plurima
1222 3816 1292 3874 obti-

110 3908 211 3968 nuisae
225 3927 325 3968 omnes
339 3918 504 3984 agnoscunt.
546 3907 619 3966 Eam
634 3908 749 3969 aPetro
768 3900 921 3978 fundatam,
935 3927 986 3986 per
1005 3894 1214 3987 Episcopomm
1228 3914 1291 3972 su'c·
1364 3963 1366 3967 ,

112 4007 285 4075 amonem,
298 4003 333 4062 ad
346 4014 441 4079 nosue
453 4023 544 4079 usque
555 4014 683 4082 tempora
693 4009 798 4064 servari
808 4025 908 4065 omnes
919 4006 1040 4064 clamant
1049 4005 1183 4076 historiae,
1195 4010 1291 4068 omnia

57 4142 69 4171 ,
99 4102 193 4163 aritae
206 4101 274 4162 fidei
294 4111 633 4161 testantnrmonumenta.
673 4102 830 4180 Imperium
843 4117 886 4160 cst
899 4103 1054 4162 maximam
1068 4104 1171 4178 ubique
1192 4114 1223 4163 et
1239 4124 1292 4183 per

111 4201 210 4261 oninia
229 4199 342 4268 secula,
358 4197 434 4272 quod
452 4198 529 4257 rudis
550 4199 595 4279 vel
615 4198 714 4258 doctus
727 4208 826 4258 noscat
839 4201 960 4273 quisque
974 4206 1090 4258 necesse
1110 4212 1164 4260 est.
1204 4199 1290 4278 Apud

110 4295 262 4377 plerasque
283 4305 381 4373 gentes
395 4295 533 4371 majorum
544 4312 660 4352 suorum
677 4293 712 4354 ad
731 4293 1026 4356 fidem‘Christianam
1044 4295 1182 4371 uadnctio
1203 4300 1290 4374 opera

115 4392 242 4451 virorum
256 4390 483 4473 Apostolicorum
496 4410 512 4448 a
525 4389 600 4448 Sede
614 4390 743 4461 Romana
756 4390 918 4459 missorum,
927 4390 1044 4473 celebris
1055 4400 1108 4460 est,
1118 4410 1174 4466 qua
1183 4391 1290 4451 ratione

110 4487 147 4548 ad
161 4489 276 4563 antiqua
289 4496 454 4546 revocantur
467 4492 603 4564 tempora,
614 4486 645 4545 in
662 4487 765 4560 quibus
779 4486 1122 4570 reipublice'Ohristinue
1142 4486 1288 4564 prefuisse

109 4570 281 4669 episcopum
296 4586 372 4648 Petri
386 4590 581 4646 successorem
594 4594 705 4645 norunt.
