2738 5032
94 252 155 309 dd!
376 247 432 309 DE
452 247 471 309 J
476 245 627 309 UDlOllS
647 244 994 307 noctesttsutcts
1084 250 1087 255 '

94 407 260 467 (lstlrolieos
271 418 302 467 et
313 406 520 475 anaenianosr
542 408 593 466 sed
614 406 770 466 Pontifices
791 406 960 470 institerunt.
981 404 1072 465 donee
1091 403 1127 461 sb
1140 401 1272 461 omnib
1294 423 1336 444 ⁴2·
1367 427 1369 431 ¹

93 504 130 565 de
143 506 244 563 haeresi
257 506 398 581 suspectis
415 506 607 581 juramentum
630 505 708 580 erigi
721 504 910 569 consueverit,
925 521 956 559 se
979 501 1112 561 damnare
1126 519 1165 585 ⁸¹.
1178 500 1367 559 animm

92 602 195 661 librum
209 602 227 660 J
230 603 338 693 apponii
352 602 385 660 iu
399 620 487 660 selaeu
501 602 536 659 ab
550 610 668 659 auctore
684 601 806 667 intento,
820 600 930 657 scilieet
951 617 1038 672 quem
1058 617 1112 657 suo
1121 662 1124 667 ,
1134 597 1367 673 expressim

92 699 175 763 libro.
216 699 351 766 Hermes,
366 699 533 773 'l'beologus
548 698 719 765 Germanus,
734 698 783 770 qui
807 696 945 755 industria
959 715 1062 773 magua
1074 707 1103 753 et
1115 693 1279 755 eruditione
1291 702 1364 739 2-

93 796 180 859 hdem
195 797 371 856 Catholiesm
386 814 562 872 propugnare
576 795 729 861 studuerat,
744 795 824 871 plura
836 794 1007 870 esoogitavit
1026 792 1120 851 miuus
1134 801 1277 856 ιιιιιιιιιι,
1352 824 1361 831 -

93 904 123 951 et
134 911 152 950 s
164 911 233 950 sena
245 882 372 977 dthhius
384 892 485 959 aliena,
499 910 562 963 qum
577 892 608 948 S.
624 890 714 948 Sedes
728 890 882 949 novissime
896 888 1048 947 damnavit.
1089 887 1166 964 Ejus
1188 885 1277 963 placi·

93 988 131 1047 tis
144 988 229 1047 nimis
244 989 411 1047 inherentes
426 988 512 1059 aliqui
526 988 591 1063 eJ'us
602 986 745 1062 discipuli,
758 985 995 1051 ansenianorum
1010 1002 1140 1061 premere
1161 983 1275 1063 fastigia

92 1082 232 1152 dicuntur,
246 1084 333 1142 libros
346 1084 455 1142 scilieet
467 1102 524 1142 non
538 1083 589 1141 rite
598 1081 952 1141 intellectosaffirmautes:
967 1080 1123 1141 sedmanet
1130 1078 1274 1159 judicium

92 1182 193 1242 fixum.

130 1279 245 1340 dudleia
263 1277 466 1337 Ecclesiastico
485 1276 634 1350 aliquando
655 1277 780 1336 seruntur
792 1287 889 1337 eontra
909 1277 1021 1344 librum,
1035 1276 1107 1351 quin
1119 1284 1212 1339 senes
1224 1275 1276 1335 sli-

92 1397 163 1454 quos
178 1379 386 1456 propositiones
408 1376 504 1445 feriat,
529 1396 585 1450 quo
604 1379 634 1436 in
655 1396 722 1435 casu
737 1378 888 1437 tenendum
906 1379 1067 1438 estlibmm
1088 1396 1206 1455 proram
1225 1379 1276 1439 ali·

92 1496 178 1551 qusrn
192 1475 346 1539 doctrinam
363 1473 518 1547 mutinero,
532 1474 589 1532 nisi
609 1474 706 1533 forseu
725 1484 835 1549 constet
856 1493 922 1534 eum
942 1493 1008 1534 cum
1029 1475 1140 1537 ceteris
1161 1475 1277 1554 seriptis

91 1573 219 1633 damnari
245 1570 279 1631 in
304 1570 407 1629 odium
426 1571 566 1639 auctoris,
587 1573 628 1631 uti
648 1572 767 1642 dicitur;
795 1572 872 1646 quod
890 1574 1058 1650 plerumque
1078 1575 1219 1651 wutiogit
1238 1573 1274 1633 de

90 1670 297 1739 heresiarchis,
319 1669 418 1728 aliisve
440 1671 597 1747 insignibus
621 1672 783 1748 impietate:
813 1671 946 1731 Eoelesis
968 1672 1046 1732 euim
1069 1682 1103 1733 ιιι
1128 1652 1272 1741 bremens

91 1770 189 1831 odium
204 1769 372 1836 manifestet,
384 1781 412 1826 et
421 1769 584 1875 utperionlo
593 1767 810 1846 eripisttideles,
819 1770 886 1828 latet
896 1771 1181 1847 quippesrepiussub
1182 1770 1275 1839 ltsrba

91 1866 204 1944 siguis,
217 1865 366 1925 oonsuerit
378 1865 483 1941 scripta
496 1864 592 1923 omnia
605 1864 813 1942 primipilarem
831 1864 975 1925 hereseos
994 1867 1097 1943 proeul
1113 1886 1131 1925 s
1149 1867 1273 1961 iliorum

91 1983 208 2025 suorum
224 1964 353 2025 manibus
366 1981 430 2021 osse
440 1964 551 2040 jubere.
648 2020 651 2027 ,
792 1996 795 2001 -
1141 1984 1153 2017 .;

131 2060 171 2121 In
190 2060 287 2139 globo,
307 2061 349 2118 uti
374 2058 518 2135 Theologi
543 2059 706 2131 loquuntur,
726 2058 892 2120 damnantur
910 2078 1126 2134 nonnumquam
1145 2018 1276 2140 proposi·

92 2160 185 2221 tiones
207 2159 344 2236 plurimae,
365 2158 508 2234 congestis
527 2157 637 2217 scilieet
655 2158 794 2226 oensuris,
815 2160 885 2231 quin
905 2157 1012 2225 dieamr
1030 2178 1097 2232 qun
1118 2161 1273 2235 minuique

92 2257 253 2321 eonveniat.
294 2253 367 2313 Hoee
380 2252 568 2313 damnationis
582 2253 673 2313 sorms
685 2274 703 2312 s
715 2254 847 2313 Consilio
856 2254 1087 2324 Ι(ιοιιιιιιιιιιιιιιιι
1100 2257 1277 2329 ιιΙιοοιιιΧ,

92 2363 122 2413 et
134 2373 152 2413 a
164 2353 291 2429 pluribus
305 2351 492 2411 Pontificibus
513 2350 646 2418 adhibite,
670 2351 788 2409 inservit
809 2359 840 2408 ut
859 2362 1044 2428 respuuntur
1040 2356 1274 2431 propositiones,

91 2459 189 2525 utpote
202 2448 296 2519 aliqua
309 2466 346 2504 ex
359 2447 434 2504 notis
448 2447 586 2522 appositis
599 2446 701 2523 digne.
742 2445 819 2505 De
811 2448 847 2505 ris
867 2447 962 2508 fusius
976 2450 1064 2524 loqui
1082 2453 1274 2513 nemim

91 2545 140 2609 hio
154 2562 211 2604 non
225 2543 342 2601 videtur

81 2632 85 2639 ’
136 2639 217 2714 Quid
228 2637 324 2699 ouleot
336 2635 636 2716 Eecless‘aejttds‘cs‘rsm
643 2637 723 2699 ιιι
691 2657 750 2698 vm
744 2624 918 2719 alicujus
897 2660 968 2720 pom
979 2600 1111 2723 definisti
1121 2608 1276 2709 sanctitate

30 2778 33 2783 -
90 2748 122 2802 et
128 2734 228 2820 glorio
235 2737 396 2819 putentur
408 2747 520 2796 oonstat
527 2755 634 2814 quippe
643 2748 781 2814 martyres
792 2726 880 2825 tribus
888 2741 1028 2818 prioribus
1039 2744 1154 2805 sectilis
1164 2764 1275 2825 mm

92 2839 266 2900 venerationi
280 2837 413 2902 hebitos,²
426 2835 497 2895 alios
511 2844 604 2923 sutem
618 2835 721 2912 pietate
734 2836 857 2895 illustres
866 2840 964 2914 psiem
977 2839 1118 2901 honorem
1127 2854 1157 2903 α
1169 2844 1275 2907 enimn

90 2936 276 3011 sequentibus
289 2932 401 2993 saeoulis
414 2930 580 2992 obtinuisse.
619 2930 761 3019 ldsutem
774 2951 851 3010 steps
864 2936 983 3012 oonbgit
994 2954 1033 2995 es
1051 2937 1094 2995 rei
1114 2938 1210 3015 ipsius
1222 2942 1277 3001 ela·

91 3033 224 3099 ritodine,
239 3049 331 3104 quum·
340 3030 416 3088 enim
430 3029 522 3087 fidelis
535 3030 638 3103 uliquis
651 3040 754 3108 mogus
765 3050 831 3091 oum
845 3033 933 3092 animi
951 3028 1110 3095 ooostaotis
1124 3037 1274 3107 Christum

89 3147 188 3189 eoram
203 3125 334 3184 Ethniois
348 3124 448 3182 suisset
460 3125 619 3194 consessus,
633 3137 662 3185 et
672 3128 748 3187 inter
761 3137 898 3187 tormenta
910 3129 990 3191 laetus
1003 3131 1132 3217 obiisset,
1148 3139 1277 3216 myrii

90 3223 231 3289 memoria
243 3219 393 3295 quotannis
408 3229 452 3278 est
465 3219 610 3289 celebrata,
624 3240 662 3281 ex
681 3222 808 3283 fidelium
821 3225 935 3301 pietate,
949 3237 978 3285 et
997 3212 1213 3327 Epiioopomm
1232 3254 1276 3295 a.

88 3322 190 3387 seusu.
232 3321 280 3381 Sic
293 3319 378 3379 etism
391 3319 470 3377 mire
483 3320 682 3385 nonnullorum
696 3321 812 3381 virtutes
815 3342 905 3415 ,quas
911 3322 1126 3401 nonnumquam
1140 3333 1275 3395 umuli

90 3425 125 3487 in
137 3424 203 3490 rita,
218 3428 324 3497 etpost
338 3427 466 3484 mortem,
480 3434 578 3476 eorum
599 3418 729 3477 invocate
749 3438 814 3498 ope,
828 3410 943 3498 patrita,
966 3412 1140 3500 prebebant,
1148 3430 1273 3495 sinihn

90 3520 282 3599 provocabant
294 3515 411 3576 nultum
451 3500 583 3590 Martyrii
604 3516 649 3575 sel
663 3516 727 3581 vitm
741 3519 887 3578 suueuoris
901 3521 1058 3592 celebritas,
1077 3534 1109 3585 et
1126 3529 1276 3593 minnela-

93 3636 155 3675 rum
170 3613 335 3688 frequentia,
350 3611 475 3671 fecerunt
487 3610 622 3671 utoultus
639 3613 824 3686 quorumdam
846 3634 897 3692 per
917 3616 1086 3679 uuiversum
1100 3621 1274 3691 diffirndess·

90 3722 138 3771 tor
151 3710 330 3778 Ecclesiam,
345 3708 411 3767 dum
427 3708 474 3766 alii
488 3708 602 3767 nonnisi
616 3709 646 3767 iu
659 3709 828 3782 quibusdem
842 3713 996 3787 prouinciis
1005 3715 1183 3782 ooleroutur.
1216 3724 1272 3792 on·

90 3808 123 3868 in
138 3807 319 3865 Monnsteriis
333 3805 396 3862 vite
410 3805 554 3862 sanctitate
568 3804 735 3873 clauserunt,
759 3816 919 3867 senotorum
938 3810 1013 3879 elbo,
1028 3813 1106 3884 quod
1123 3796 1272 3881 missbar

21 3946 25 3989 t
91 3906 124 3965 in
139 3913 313 3980 posterorum
327 3901 502 3977 exemplum,
515 3902 718 3971 inserebantur.
759 3902 804 3962 Ad
818 3904 952 3969 seculum
966 3927 1057 3983 usque
1068 3911 1270 3983 duodecimum

19 4008 24 4081 j
91 4003 163 4063 sarii
177 4001 287 4059 suerunt
299 4000 352 4058 hee
363 3998 392 4058 in
402 4018 431 4057 re
442 4018 546 4067 mores,
555 3999 645 4058 donee
655 4000 781 4076 pontifex
790 4003 950 4067 Alexander
960 4006 1014 4074 ιιι,
1023 4008 1058 4067 sd
1069 4017 1270 4088 proponendo.

19 4114 22 4119 '
92 4103 198 4165 ebusum
212 4107 241 4155 st
252 4115 370 4164 errores,
385 4095 574 4155 auctoritatem
584 4097 703 4157 Sanetus
717 4098 1055 4175 solemniterdeolsrandi,
1069 4127 1134 4181 seu,
1143 4117 1269 4185 ιιιιῑηῃι,

18 4208 22 4243 ῑ
92 4192 292 4261 ιωιοιιιιαιιιιι
306 4194 360 4253 sibi
374 4196 572 4254 reservaverit:
593 4214 630 4255 es
644 4215 701 4270 quo
715 4207 841 4274 tempore
854 4219 957 4279 magna
970 4204 1094 4267 adbibita
1105 4222 1153 4271 est
1161 4215 1272 4275 mutele

38 4336 72 4363 'd
126 4377 162 4437 (1)
174 4368 359 4433 Ertotepistole
370 4369 463 4419 Ecolos
457 4387 487 4419 rm
497 4372 654 4436 smyrnensis
662 4374 692 4422 de
703 4372 831 4439 Polycarpi
840 4342 958 4443 martyrio
969 4383 1032 4444 opud
1044 4352 1188 4439 Eusebium
1211 4382 1271 4440 indo

94 4464 161 4524 potet
171 4462 307 4519 martyrum
320 4452 462 4500 memorium
473 4456 603 4527 quotnnnis
612 4455 746 4541 celebrari
736 4472 789 4522 Jorn
801 4461 961 4524 consuevisse,
969 4466 1138 4520 mediosteculr
1131 4490 1148 4524 ιι
1158 4475 1270 4533 secundo

95 4549 209 4592 eteorum
221 4537 334 4602 reliquias
346 4552 431 4601 magur
422 4522 522 4587 babitu
509 4556 542 4588 as
