2738 5032
23 258 30 273 ’
104 279 166 337 tae
410 275 466 336 oe
487 274 662 337 remon
683 270 996 333 auoroermuu.

107 435 169 511 pari
189 434 276 513 gradu
295 434 404 495 tradere
419 435 537 502 videtur,
552 433 692 493 mitiorem
713 430 857 509 pcsbilaut
878 430 1134 511 intepretationem,
1149 446 1206 489 nec
1218 427 1290 487 enini

105 533 210 591 erroris
231 531 409 591 insImulatua
429 530 580 605 aliquando
597 542 643 589 est
663 531 692 588 in
707 529 794 592 aerio
806 526 941 597 dunnstl,
956 544 1015 603 quo
1028 546 1114 586 omne
1134 527 1214 586 inter'
1230 524 1290 583 illos

108 628 262 689 (flunmen
276 630 433 689 tollebatur.
1338 692 1343 705 ,

107 716 113 731 '
150 725 231 785 VIII.
253 726 286 785 In
300 726 393 785 debila
406 725 626 799 difficilibusque
649 724 764 783 Petrum
785 723 867 789 lucis,
882 741 946 795 que
961 722 1016 799 ipsi
1031 721 1135 781 clarius
1149 719 1221 778 alias
1236 735 1295 796 pro·

109 821 232 880 tulerunt
245 822 403 882 adhibenda
411 832 478 881 sunt
490 834 522 881 ut
531 822 657 881 eliciatur
665 838 778 887 mua,
788 819 861 878 adeo
872 829 903 876 ut
915 821 1064 896 perspicua
1083 815 1258 882 testimonia,
1268 824 1296 872 et

110 939 174 994 quse
189 921 274 979 variis
295 923 389 979 verbis
410 921 515 997 sepius
534 919 684 978 enuntiatas
698 918 756 976 siut
768 918 802 974 ab
817 927 929 975 auctore
943 912 1101 982 sententie,
1118 915 1149 972 in
1163 914 1297 990 interpre-

110 1017 224 1076 tationis
241 1036 371 1076 normam
393 1031 549 1076 sumantur.
589 1016 641 1074 stc
660 1034 724 1089 que
746 1013 921 1091 Augustiana
941 1011 977 1071 de
1002 1011 1186 1071 Eucharistia
1206 1009 1296 1067 verbis

111 1113 236 1172 maxime
255 1115 415 1191 perspIcuis
429 1116 535 1190 sepius
551 1112 632 1179 diuit,
648 1108 881 1186 adquorumdam
899 1110 964 1187 ejtts
985 1107 1213 1168 testimoniorum
1227 1105 1297 1164 diffi-

111 1209 242 1269 cultatem
255 1211 407 1270 tollendam
422 1209 587 1270 inserviunt.
1127 1282 1133 1289 ,

150 1306 203 1366 ΙΧ.
226 1306 360 1367 Genuina
371 1309 485 1366 Petrum
500 1307 612 1383 Scnpta
625 1307 659 1363 ab
673 1305 805 1382 operibus
817 1304 1007 1381 supposititiis
1015 1301 1116 1361 sedulo
1130 1311 1285 1361 suntseccr

111 1403 219 1462 nenda:
234 1422 288 1463 nec
301 1417 395 1463 minen
405 1405 499 1462 omnis
513 1401 677 1480 deneganda
690 1403 787 1460 statim
801 1401 950 1459 auctoritas
963 1399 1043 1458 libris
1054 1393 1295 1476 ψιυθιπιγριφοις.

157 1498 280 1559 Constat
291 1500 407 1574 quidem
424 1500 503 1578 plura
513 1519 603 1577 opera
616 1500 688 1558 falso
707 1498 838 1557 Patribus
859 1496 1003 1556 nonnullis
1016 1494 1129 1565 tributa,
1143 1494 1224 1570 quod
1236 1513 1301 1554 casu

111 1596 306 1673 potiusquam
328 1597 449 1657 consuto
467 1595 782 1674 merumque-contigit.
824 1591 1297 1671 Scripsemnt'nonoumqnamslii

114 1691 217 1751 eodem
238 1695 354 1752 nomiae
375 1694 519 1771 appellati,
533 1711 654 1767 quornm
668 1710 755 1769 opera
769 1691 894 1765 seqquri
907 1689 1012 1748 seculo
1026 1690 1189 1767 insignibus
1209 1698 1300 1748 aueto-

112 1786 190 1845 ribus
212 1787 341 1865 ejusdem
363 1791 487 1849 nominis
509 1799 576 1848 sunt
596 1788 706 1847 tributa.
747 1786 782 1845 lu
803 1785 905 1846 eodem
926 1787 1024 1844 codice
1046 1786 1162 1843 brevius
1187 1783 1298 1860 aliquod

113 1885 283 1963 opusculum
304 1906 370 1946 cnm
395 1887 494 1964 majori
515 1887 696 1963 conjunctum
717 1888 769 1951 e'st,
791 1903 828 1944 ue
852 1902 1039 1962 pergamenus
1053 1883 1123 1942 tanti
1146 1884 1240 1960 praetii
1257 1902 1301 1940 va·

112 1991 207 2049 earet;
222 1983 296 2040 unde
311 1982 416 2042 factum
430 1995 461 2042 ut
474 1983 555 2041 setus
575 1982 744 2041 haberentur
757 1981 885 2059 ejusdem
907 1980 1067 2058 scriptoris,
1105 1978 1205 2059 Opera
1224 1978 1301 2039 nullo

112 2078 229 2137 nemine
250 2091 345 2138 notata
363 2080 525 2157 conjectura
544 2079 628 2138 alicui
648 2078 789 2155 adscripta
807 2087 883 2146 sunt,
900 2078 1009 2137 obrem
1029 2075 1065 2134 de
1079 2094 1137 2150 que
1155 2077 1299 2154 agebam,

113 2192 200 2248 quam
214 2176 284 2235 alias
298 2187 532 2255 propugnaverat,
547 2176 592 2235 val
605 2179 642 2234 ob
656 2176 724 2253 styli
738 2174 881 2249 quandam
893 2172 1119 2233 slmilitudinem.
1143 2168 1299 2233 'Nonnum-

113 2290 199 2349 quam
211 2273 248 2331 ad
262 2272 459 2334 declinandam
472 2273 608 2333 Invidiam
621 2292 709 2351 opera
722 2271 895 2349 prodierunt,
910 2271 1085 2345 antiquioris
1100 2270 1226 2329 auctoris
1238 2287 1304 2347 pue-

80 2356 83 2361 ’
108 2368 189 2429 sudio
217 2370 316 2447 petito.
357 2370 519 2445 AIIquaudo
544 2370 630 2429 etiam
657 2370 851 2428 hereticorum
876 2367 975 2427 frende
998 2367 1094 2426 evenit
1117 2377 1148 2424 ut
1174 2365 1300 2440 quedam

114 2466 250 2525 ementito
264 2468 380 2526 nomine
401 2468 430 2526 in
450 2468 553 2526 erroris
573 2466 761 2543 patrocinium
775 2466 972 2543 vulgarenturt
993 2483 1047 2523 nee
1060 2462 1212 2522 defuerunt
1231 2464 1301 2522 inter

116 2561 282 2621 Catholicae
296 2564 346 2636 qui
356 2563 423 2622 uelo
437 2561 511 2620 haud
533 2562 688 2620 secuudum
709 2546 862 2621 scientiam
876 2571 1072 2638 supponerent
1083 2579 1172 2638 opera
1185 2561 1301 2639 scripto·

115 2661 194 2721 ribus
215 2661 312 2738 magui
335 2660 469 2719 nominis.
511 2660 558 2719 Ne
579 2671 670 2718 autem
683 2657 873 2737 'sumomonte
893 2658 1080 2726 involvamur,
1101 2658 1201 2717 omnia
1217 2652 1302 2737 opera

115 2756 246 2817 habenda
261 2767 329 2817 sunt
341 2759 474 2835 gannim
489 2775 554 2831 quae
568 2776 585 2815 a
598 2756 665 2814 siris
679 2755 796 2815 eruditis
810 2755 956 2815 communi
969 2755 1057 2814 veluti
1070 2774 1216 2815 consensu
1229 2757 1302 2815 exci-

117 2855 250 2933 piuntur:
272 2865 382 2914 comt
400 2855 477 2913 euim
492 2854 568 2913 viros
587 2853 666 2913 omni
684 2853 840 2912 litterarum
860 2852 941 2911 leude
956 2851 1100 2921 florentes,
1119 2862 1148 2911 et
1167 2852 1226 2911 auri
1246 2850 1303 2930 pol·

116 2948 207 3010 lentes
217 2949 338 3028 judicio,
349 2949 451 3009 studiis
464 2950 593 3009 etiamst
606 2949 756 3008 numanis
769 2947 925 3017 discordes,
937 2966 1069 3026 magnam
1079 2948 1111 3007 in
1124 2965 1160 3006 eo
1175 2943 1304 3026 posuisse

117 3066 237 3126 speram
257 3056 289 3106 ut
308 3048 432 3124 geuuiua
445 3067 461 3105 a
475 3046 663 3124 supposititiis
684 3042 918 3114 discernerentur,
934 3063 1051 3120 mmque
1071 3045 1149 3106 selici
1168 3062 1303 3105 successu

117 3144 286 3210 coniecisse,
302 3163 368 3203 nam
382 3145 411 3202 iu
426 3145 496 3221 ipsis
511 3144 625 3220 scriptia
646 3143 735 3202 etatis
748 3153 778 3201 et
789 3143 911 3203 auctoris
926 3143 1047 3220 vestigia
1067 3143 1210 3220 Impressa
1230 3150 1303 3210 sunt.

43 3266 49 3277 ·
118 3253 205 3302 etex
227 3243 331 3302 cuens
348 3242 392 3300 vel
413 3243 582 3320 supparibus
604 3240 781 3300 documentis
803 3260 901 3300 eorum
924 3240 1068 3299 authentia
1089 3251 1170 3298 extra
1192 3257 1302 3300 omnam

118 3340 301 3399 dubitatIouis
316 3339 406 3399 aleam
420 3340 513 3416 posits
528 3349 586 3397 est.
620 3338 789 3421 criticorum
802 3338 890 3416 igitur
905 3337 1045 3415 judicium
1059 3337 1195 3399 unanime
1215 3346 1303 3396 rabum

119 3434 281 3494 habendum
306 3445 360 3502 est,
381 3435 436 3492 nisi
467 3435 579 3512 gravior
596 3443 725 3493 oeeurrat
748 3433 892 3492 dubitandi
912 3434 992 3493 ratio.
1035 3432 1069 3492 lu
1089 3431 1183 3491 dubiis
1204 3440 1297 3493 antem

120 3530 307 3598 excudendis,
319 3531 397 3608 styli,
411 3549 516 3600 rerum,
526 3532 737 3599 sententiarum,
749 3542 779 3589 et
797 3531 966 3607 scriptorum
980 3516 1106 3588 veterum
1121 3530 1297 3589 testimonio·

121 3645 184 3686 uum
198 3626 327 3687 habenda
339 3637 384 3685 est
396 3628 477 3695 ratio,
489 3640 520 3685 ut
532 3626 712 3705 dignoscatur
725 3639 818 3686 utrum
832 3626 903 3686 liber
922 3627 1038 3695 auctori,
1052 3626 1135 3705 cujus
1156 3627 1303 3704 praesefert

122 3740 238 3791 nemen,
259 3716 391 3800 tempori,
416 3743 565 3798 rerumque
593 3722 732 3802 adjunctis
757 3727 915 3784 conveniat.
958 3723 1100 3783 Caeterum
1124 3742 1184 3782 non
1208 3724 1304 3783 omnia

123 3819 227 3896 scripte
242 3816 448 3893 ψιυδκιγριφι
463 3833 557 3880 carent
570 3823 741 3892 auctoritate,
756 3823 860 3899 sepius
875 3823 951 3882 enlm
966 3822 1079 3880 alterlm
1093 3822 1218 3879 auctoris
1232 3830 1304 3888 sunt,

124 3918 173 3992 qui
189 3917 233 3974 vel
253 3930 331 3976 etate
349 3930 392 3977 ast
409 3921 547 3998 superior,
562 3921 607 3979 vel
626 3938 743 3998 suppar,
757 3920 862 3995 quique
883 3920 1039 3979 eruditione
1060 3920 1180 3993 aliisque
1196 3918 1304 3978 dotibus

123 4026 238 4075 ornatus
253 4016 353 4074 extitit
394 4016 463 4077 Ideo
478 4037 560 4076 suum
575 4017 677 4092 cuique
691 4018 849 4080 tribendum
863 4028 917 4089 est,
932 4018 1015 4092 idque
1030 4016 1168 4077 momenti
1186 4016 1305 4095 alngulis

123 4113 238 4191 seriptis
253 4111 456 4190 adsignandum
471 4114 547 4189 quod
561 4126 672 4193 tempus
687 4127 838 4190 auctorque
852 4119 978 4195 exigerat.

165 4209 204 4268 X.
227 4209 460 4285 Interpolationes
474 4212 626 4291 egenulae
639 4213 759 4272 lectione
773 4210 967 4273 discemeudm
978 4224 1054 4281 sunt,
1069 4231 1123 4270 neo
1136 4221 1231 4270 tamen
1246 4209 1307 4288 reji-

126 4304 257 4364 ciendum
273 4323 345 4382 opus
360 4305 434 4378 quod
449 4306 555 4380 aliquid
566 4327 634 4366 casu
650 4307 695 4366 vel
707 4304 804 4367 {raude
819 4309 1032 4381 amanuensium
1047 4324 1164 4385 passum
1177 4307 1225 4371 sit.

168 4401 245 4460 Dum
265 4401 489 4462 exscriberentur
509 4405 572 4462 libri
593 4405 674 4462 faeile
695 4406 813 4483 contigit
828 4416 860 4464 ut
872 4405 998 4479 quedam
1014 4423 1051 4463 ex
1066 4404 1192 4485 margine
1204 4402 1309 4461 Intex·

130 4513 188 4558 tum
205 4501 368 4576 irreperent,
385 4499 428 4557 vel
443 4501 629 4577 adjicerentur
643 4503 836 4562 illustrationis
850 4524 944 4562 causa.
974 4504 1201 4576 Nonnumquam
1213 4498 1309 4559 fraude

128 4597 270 4663 haeretioa,
298 4596 393 4671 aliqua
418 4596 524 4656 inserta
550 4611 618 4659 suut
642 4601 677 4659 ud
705 4601 935 4678 patrocinandum
963 4599 1067 4659 errori:
1097 4613 1310 4671 nonnumquam

129 4697 223 4769 aliqua
248 4694 339 4752 deletu
359 4703 426 4754 sunt
440 4694 481 4754 vel
502 4696 658 4767 immutata,
671 4708 703 4759 ut
724 4698 759 4756 ad
773 4718 901 4760 normam
920 4706 998 4758 sarie
1010 4686 1145 4757 doctrllle
1166 4703 1311 4755 sententie
