2738 5032
298 255 734 327 nmeros'rontututt'u
755 260 986 323 EGOLESIAE.
1180 266 1238 323 221

54 414 133 473 omni
147 415 325 486 creetur·ts,”¹
339 402 453 476 nonnisi
471 437 522 495 per
537 438 590 478 eos
611 420 673 479 eliis
694 429 738 479 est
757 422 1005 481 communicatum.
1047 422 1238 496 Quicumque,

55 511 149 589 igitur,
164 530 244 570 suam
259 515 447 573 auctoritatem
463 514 528 572 inde
542 535 598 574 non
610 516 726 584 derivat,
738 535 795 575 nun
807 528 900 594 potest
909 519 1048 595 legatione
1060 537 1112 596 pro
1120 519 1239 578 Christo

57 610 147 687 iungi,
161 630 214 669 nec
227 612 347 686 quisque
362 622 471 673 tenettn
484 614 511 671 ei
525 613 668 672 obaudire.
707 615 757 672 Ex
772 614 881 673 Christi
903 617 1091 692 promissione
1105 617 1237 676 novimus

57 724 121 766 eum
144 706 302 767 adiuturum
324 709 471 786 Apostolis
493 728 585 782 usque
607 709 643 769 ad
663 713 936 785 consummationem
958 714 1066 784 seculi,
1082 713 1132 786 qui
1151 731 1240 786 quum

58 802 136 875 brevi
150 805 251 866 victuri
265 816 370 875 esseut,
385 826 482 867 eornm
497 826 677 867 successores
689 827 725 867 ea
738 828 807 868 roco
821 810 1024 887 comprehendi
1038 811 1144 886 liquet:
1165 810 1241 889 apud

57 920 127 977 quos
142 903 261 979 proinde
271 904 388 963 verbnm
403 903 459 962 Dei
472 904 614 981 integrum
627 922 786 982 purumque
800 906 951 965 invenitur.

97 997 165 1077 obj.
181 1004 210 1057 2.
227 999 390 1076 Apostolica
403 999 529 1059 doctrina
542 1018 578 1058 ex
593 999 899 1079 Scriptishpostolicis
910 1000 1061 1060 ediscenda
1072 1012 1125 1070 est,
1135 1003 1241 1080 potius·

58 1098 140 1168 quam
155 1114 192 1154 ex
205 1094 405 1156 hodiernorum
419 1106 562 1174 postorum
576 1096 677 1159 dictis:
699 1116 753 1157 nec
778 1099 844 1157 alibi
866 1108 944 1157 certo
966 1099 1040 1159 disci
1063 1108 1158 1176 potest
1176 1110 1243 1177 post

58 1180 164 1253 tuntum
178 1195 355 1259 intervallum
369 1195 506 1272 temporis
519 1196 553 1253 ab
564 1196 764 1273 Apostolorum
781 1207 870 1258 etate.
911 1197 956 1256 lts
969 1197 1102 1259 secuse·
1269 1190 1273 1200 “

92 1286 183 1371 Rem.
204 1286 253 1353 Ex
266 1295 379 1372 seriptis
392 1294 566 1371 Apostolicis
579 1295 702 1373 genuina
715 1295 919 1373 Apostolorum
931 1294 1062 1354 doctriua
1074 1294 1171 1353 baberi
1191 1312 1243 1370 po·

58 1398 190 1466 test-prus
202 1390 294 1449 oculis
314 1390 417 1448 habitis
437 1391 596 1467 Apostolici
615 1391 765 1451 ministerii
785 1392 1033 1470 institutionibusj
1056 1408 1144 1464 quum
1164 1391 1241 1450 enim

60 1484 167 1545 Christi
190 1487 343 1563 promissio
367 1486 463 1545 omnia
485 1487 687 1563 complectatur
706 1487 821 1554 secula,
835 1489 1026 1547 certissimum
1047 1499 1170 1547 osteum
1191 1496 1243 1564 pe'r

59 1583 258 1660 Apostolorum
272 1601 453 1641 successoros
466 1592 582 1660 semper
594 1582 742 1641 docturum
753 1593 851 1660 gentes
862 1586 959 1643 omnia
971 1576 1159 1659 quecumque
1173 1583 1243 1643 olim

60 1678 208 1749 mundavit,
218 1679 293 1739 sicut
303 1678 375 1756 ipsis
384 1678 591 1755 docentibuset
600 1679 787 1737 scribentibus
800 1680 897 1745 adfuit.
930 1681 965 1739 In
979 1680 1050 1739 locis
1064 1680 1241 1749 difficilibus,
1335 1726 1340 1745 .

60 1782 146 1848 “quae
168 1774 274 1834 indocti
294 1786 323 1835 et
342 1775 488 1835 instabiles
508 1774 708 1853 depravant,”³
727 1775 851 1833 maxime
871 1770 1038 1834 attendenda
1051 1786 1095 1834 est
1115 1774 1245 1853 presens

59 1872 213 1949 Apostolici
234 1871 385 1937 ministerii
403 1864 542 1940 doctrinm
556 1891 592 1932 ne
612 1872 758 1953 inicorum
775 1871 1014 1948 interpretatione,
1029 1872 1074 1930 vel
1093 1873 1130 1930 ob
1147 1892 1244 1933 rerum

59 1966 268 2035 sublimitatem,
282 1968 378 2027 veleb
398 1967 592 2047 adjunctorum
612 1968 808 2046 ignorantiam,
823 1984 890 2027 eum
909 1977 1013 2027 nostrae
1034 1968 1135 2033 anime
1156 1966 1240 2026 detri-

60 2075 165 2132 mento,
181 2082 316 2123 erremus.
348 2065 468 2123 Summa
480 2064 595 2138 quidem
609 2075 653 2123 est
662 2064 813 2125 concordia
825 2066 898 2124 inter
910 2065 1112 2143 Apostolorum
1126 2065 1242 2142 scripta,

45 2169 83 2217 et
95 2168 268 2236 praesentem
279 2157 452 2228 doctrinam
472 2169 502 2217 et
514 2168 572 2217 toto
585 2160 702 2218 celnnb
716 2161 920 2236 Apostolorum
932 2172 1027 2220 mente
1041 2161 1178 2230 aberrant,
1193 2161 1245 2234 qul

28 2262 175 2316 ‘sensum
186 2273 223 2313 ex
244 2255 357 2333 proprio
371 2255 484 2329 arbitrio
498 2255 703 2334 contingentes,
717 2256 935 2334 discrepantiam
955 2244 1102 2336 objiciuni.
1145 2258 1243 2326 Quod·

59 2339 181 2427 cumque
205 2353 341 2430 temporis
359 2353 482 2430 spatium
502 2353 625 2422 labatur,
639 2354 790 2431 promissis
809 2355 870 2413 suis
890 2365 946 2415 stat
963 2355 1107 2426 Servatur,
1123 2357 1240 2419 “Jesus

61 2451 191 2511 Christus
206 2451 267 2521 beri
280 2461 309 2510 et
321 2451 493 2531 bodie-ipse
507 2453 579 2523 etin
592 2452 744 2517 seorrla.”⁴
968 2442 971 2449 ’
1121 2502 1126 2517 ,

100 2548 166 2629 ooj.
181 2553 210 2608 3.
233 2548 373 2629 Hodiemi
392 2559 518 2631 pastores
532 2551 647 2614 nonnisi
666 2552 839 2629 Apostolicis
854 2554 978 2632 scriptis,
993 2574 1057 2629 que
1074 2555 1137 2616 aliis
1152 2556 1239 2614 etiam

61 2657 162 2723 patent,
178 2646 371 2723 Apostolicam
385 2640 488 2706 buruni
500 2646 654 2711 doctrinam
666 2668 742 2707 t-neo
753 2648 833 2708 enim
844 2669 875 2707 se
887 2650 1039 2727 inspiratos
1053 2651 1199 2709 exhibent.

95 2741 185 2820 nup.
206 2742 333 2802 Plurima
352 2753 456 2819 praesto
468 2753 535 2800 sunt
554 2742 686 2801 subsidia
699 2743 734 2801 ad
754 2745 949 2820 Apostolicam
968 2744 1124 2802 doctrinam
1145 2745 1239 2802 addis·

62 2840 193 2907 cendam:
215 2840 408 2907 intercutem,
430 2852 492 2912 quse
513 2849 665 2916 supersunt
684 2839 867 2898 decessorum
885 2856 1004 2899 suorum
1025 2841 1236 2917 predicationis

63 2939 231 3008 ustimonia,
244 2939 384 3003 Ecclesia
395 2939 441 2996 cui
452 2947 580 3014 'praesnnt
589 2937 670 3005 fides,
682 2938 773 2996 cultus
785 2949 814 2996 et
823 2957 892 2996 usus
904 2938 1030 2997 doctrina
1041 2940 1143 2999 innixi.
1177 2941 1249 3004 Sin,

61 3035 133 3112 gulis
146 3035 222 3095 dicta
234 3035 396 3095 existimari
405 3041 523 3112 possunt
537 3052 598 3108 que
613 3034 768 3093 Timotheo
781 3055 798 3092 a
811 3035 917 3095 Paulo:
940 3035 996 3095 “0
1011 3037 1176 3108 Timothee‚
1192 3034 1241 3098 de·

62 3134 184 3216 positum
197 3133 318 3202 custodi,
333 3131 459 3195 devitans
479 3132 611 3213 prolanas
624 3152 734 3192 vocum·
745 3135 896 3206 novitates,
911 3144 939 3193 et
958 3137 1155 3212 oppositiones
1177 3136 1240 3196 salsi

62 3232 184 3307 numinis
204 3230 378 3291 scientiae,”⁵
416 3231 539 3290 Pulchre
551 3212 720 3315 ilmcentius
741 3231 918 3292 Lirinensis:
942 3235 1049 3302 “Quid
1069 3247 1113 3293 est
1133 3235 1245 3311 deposi-

60 3327 152 3387 tum?
163 3328 193 3387 id
204 3340 249 3388 est
259 3328 336 3404 quod
346 3329 397 3388 tibi
407 3329 542 3389 creditum
551 3340 605 3398 est,
616 3349 675 3389 non
686 3329 761 3404 quod
773 3351 790 3388 a
801 3343 827 3391 te
839 3332 997 3402 inventum3
1008 3331 1083 3405 quod
1095 3332 1240 3407 accepisti,

63 3444 121 3485 non
134 3427 212 3500 quod
224 3428 410 3504 excogitasti;
424 3447 484 3486 rem
497 3446 555 3491 non
568 3428 686 3504 ingenii,
701 3427 751 3505 sed
766 3428 910 3496 doctrine,
925 3448 982 3487 non
997 3439 1136 3505 usurpatae
1152 3429 1243 3505 privo·

64 3531 109 3592 tte,
123 3522 174 3581 sed
192 3522 313 3600 publica
327 3523 501 3590 traditionist
522 3522 558 3583 ad
578 3533 606 3580 te
625 3522 799 3600 perductam,
814 3543 871 3583 non
885 3545 902 3583 a
916 3537 942 3583 te
964 3526 1119 3603 prolatam3
1140 3525 1170 3584 in
1187 3543 1244 3600 qua

64 3637 122 3679 non
136 3631 234 3679 auctor
254 3619 340 3689 debes
355 3624 429 3689 esse,
444 3619 494 3679 sed
514 3629 629 3688 custos;
651 3639 708 3677 uon
722 3621 873 3689 institutor,
890 3620 940 3678 sed
961 3632 1099 3691 sectator;
1120 3622 1178 3680 tion
1192 3622 1244 3681 du·

64 3733 141 3784 cens,
156 3715 208 3774 sed
221 3734 355 3789 sequens.
397 3713 582 3797 Depositum,
597 3715 699 3788 inquit,
710 3714 824 3774 melodi
832 3737 845 3785 ,-
861 3715 1016 3775 Catlrolicae
1028 3712 1095 3775 fidei
1107 3718 1241 3780 talentum

62 3813 225 3872 inviolatum
245 3813 438 3886 illibatumque
460 3810 605 3871 conservi.
648 3811 732 3879 Quod
752 3811 802 3870 tibi
816 3810 952 3872 creditum
968 3824 1020 3882 est,
1036 3813 1091 3873 hoe
1111 3834 1199 3893 penes
1213 3828 1242 3875 te

63 3921 182 3980 maneat,
204 3911 259 3971 hoc
279 3919 342 3969 a-te
356 3905 523 3977 tradatur.'’⁶
551 3906 625 3969 Hac
637 3910 782 3969 tutissima
790 3910 891 3989 regula
904 3910 1059 3973 doctrinam
1076 3924 1190 3973 serrant
1205 3915 1240 3973 ab

511 4157 547 4220 (1)
564 4156 645 4207 Mero.
654 4157 701 4207 xvi.
713 4158 751 4227 Ι15.

458 4272 461 4276 -
514 4240 551 4303 (2)
563 4239 667 4309 Lecture
678 4239 727 4290 xiv.

515 4320 553 4385 (3)
569 4322 597 4372 Il
608 4321 674 4372 Petr.
683 4322 719 4372 iii.
730 4320 768 4372 lu.

378 4432 426 4476 g
516 4404 737 4471 fflffiffi&

513 4489 550 4552 (5)
567 4488 588 4540 Ι.
604 4488 711 4540 Timui.
720 4489 759 4538 2⁰.

517 4573 554 4635 (6)
569 4572 697 4625 Corum
707 4589 728 4624 e
739 4574 798 4647 urii.
