2738 5032
82 264 144 321 802
321 261 378 321 DE
400 261 696 321 concretorum
716 261 1033 324 AUCTORITA'OE.

85 438 225 486 normam,
241 420 415 493 Petrumque
430 421 616 495 perhennem
630 422 710 494 loqui
721 421 958 499 predicaveruntr
973 422 1024 480 sed
1036 421 1108 481 ultra
1116 417 1317 496 progressi,-

85 534 210 574 cenones
224 516 410 574 conditlcrunt
424 518 576 591 interquos
586 536 659 575 unus
672 519 810 575 tribuebat
817 518 945 577 Antistiti
958 516 1317 597 Constantinopolitano·

85 611 242 671 secuudum
253 613 281 670 in
291 612 458 671 llierarchia
467 614 571 671 locum.
614 614 795 690 Scripscrunt
803 614 908 671 idcirco
917 614 951 671 atl
962 615 1143 680 Pontificem,
1152 612 1272 671 canonis

85 707 171 784 hujus
180 710 336 785 presertim
344 710 588 768 confirmationem
603 710 688 768 enixe
700 722 845 788 petentem
862 721 882 747 “
893 710 1162 788 Rogemuuigitur,
1175 721 1204 767 et
1218 710 1275 769 mis

85 803 206 861 decretis
233 816 360 864 nostrum
375 807 484 864 honora
499 807 651 882 judicium,
665 818 695 865 et
708 808 781 865 sicut
794 825 847 865 nos
867 808 953 882 capiti
967 808 997 864 in
1018 806 1103 864 bonis
1115 805 1275 882 adjecimus

80 903 312 968 consonantiam,
327 904 369 960 sic
383 914 411 960 ct
425 904 643 975 summitas-toa
653 904 722 979 liliis
736 903 813 977 quotl
827 903 909 961 decet
928 902 1129 980 adimpleat.”¹
1170 902 1278 960 Renuit

85 1010 180 1057 tamen
195 1000 328 1057 Pontifex
341 1019 376 1056 ea
390 1019 452 1072 quae
465 1001 494 1057 in
508 1000 561 1058 hac
572 1019 602 1057 re
613 1011 692 1076 gesta
706 1011 773 1058 sunt
784 1002 905 1068 firmare,
917 1011 1014 1076 utpote
1025 1002 1138 1077 juribus
1152 1000 1277 1057 Alexan·

85 1095 159 1154 drini
173 1108 201 1154 et
223 1098 394 1154 Antioclieni
416 1090 647 1172 patriarcharum,
667 1117 685 1154 a
705 1098 828 1155 Nicreno
843 1096 977 1157 Concilio
993 1097 1112 1183 agnitis,
1135 1095 1274 1162 adverse,

87 1192 231 1266 ideoque
224 1212 253 1251 m
270 1194 471 1251 vetustioribus
484 1208 625 1252 canonum
637 1190 849 1251 collectionibus
861 1213 953 1252 canon
962 1194 1019 1255 illo
1022 1192 1201 1251 desiderante
1209 1195 1278 1250 eet?

87 1291 254 1349 Necessitas
270 1292 492 1349 confirmationis
518 1293 676 1349 Pontificiae
690 1311 733 1350 ex·
740 1292 839 1368 regule
852 1293 910 1359 ills,
924 1310 1008 1365 qoam
1023 1310 1062 1349 ex
1075 1291 1194 1348 Socrate
1215 1290 1274 1348 lan·

86 1389 228 1457 dommus,
241 1401 333 1465 patet:
351 1408 408 1445 non
419 1398 549 1464 oportere
561 1390 706 1447 Ecclesiae
721 1391 827 1461 absque
839 1408 981 1447 consensu
997 1389 1121 1447 Romani
1135 1387 1278 1465 Episcopi

87 1471 217 1544 canones
225 1486 307 1542 edere
321 1483 463 1547 κυανίζειν.
485 1484 563 1542 Hinc
577 1485 661 1545 sedes
675 1486 851 1562 Apostolica,
866 1496 984 1543 testante
999 1485 1129 1551 Gelasio,
1145 1492 1274 1543 “uuam-

88 1570 397 1660 quamque-synodum
418 1600 471 1638 sua
490 1583 653 1640 auctoritate
673 1583 881 1649 confirmatet
899 1583 1063 1641 continuata
1085 1579 1279 1643 moderatione

88 1677 220 1744 custodit,
236 1697 287 1754 pro
299 1697 352 1735 suo
365 1679 474 1735 scilicet
487 1680 657 1755 principatu,
666 1698 753 1753 quarn
763 1681 860 1743 beatus
869 1679 1034 1756 Apostolus
1037 1678 1141 1741 Petrus
1154 1676 1275 1736 Domini

88 1795 158 1834 rcce
183 1786 357 1853 perceptam,
378 1777 511 1834 Ecclesia
534 1777 718 1847 nibilominus
739 1777 942 1852 subsequente
954 1786 985 1834 et
1002 1776 1095 1834 tenuit
1113 1793 1229 1879 semper
1247 1782 1278 1831 et

87 1874 210 1933 retinet!
214 1870 253 1917 ’³
1233 1912 1236 1917 -

128 1972 196 2030 Ee
188 1971 273 2048 igitur
286 1971 369 2028 nobis
390 1971 528 2028 habentur
541 1970 673 2057 Concilia
686 1931 887 2037 OEoumenica,
902 1982 965 2047 qum
986 1980 1164 2029 convocante
1178 1968 1278 2027 Ponti·

88 2067 142 2125 tiee
156 2067 237 2134 liunt,
252 2066 298 2123 vel
311 2067 449 2124 saltem
425 2085 487 2142 ejus
501 2085 644 2125 consensu
645 2067 786 2142 prrevio,
779 2067 836 2124 rel
849 2067 1052 2140 subsequente,
1066 2082 1190 2139 queque
1209 2064 1273 2142 ejus
1298 2107 1302 2113 -

88 2165 237 2223 firmantur
256 2165 445 2220 auctoritate·
471 2163 573 2222 Utrum
588 2163 752 2223 Concilium
773 2165 997 2223 OEoumenicnm
1010 2163 1066 2222 dici
1085 2174 1190 2240 ,posset
1202 2159 1279 2236 quod

89 2282 127 2320 ex
141 2262 297 2338 Episcopis
312 2262 438 2321 universi
452 2260 528 2320 orbis
543 2273 693 2330 constaret,
704 2263 843 2321 Pontifice
855 2272 932 2320 certo
943 2282 976 2320 ec
987 2262 1117 2339 legitimo
1128 2270 1277 2328 renuente,

89 2357 290 2432 inquirendum
303 2377 360 2416 non
374 2359 520 2426 duximus,
535 2379 600 2420 narn
615 2360 765 2419 dissidium
780 2359 944 2436 hujusmodi
958 2368 1045 2436 caput
1056 2359 1136 2419 iuter·
1143 2371 1175 2416 et
1187 2376 1280 2427 meme

89 2457 139 2513 bra
159 2474 314 2526 numquam
339 2442 585 2531 futurum,'divina
605 2459 667 2517 nixi
687 2458 827 2516 Ecclesiae
841 2458 1060 2525 ¹constitutione,
1084 2455 1279 2516 conlidimur:

90 2550 223 2609 Christus
233 2552 339 2627 quippe
349 2570 411 2609 eam
425 2536 570 2610 constituit
583 2553 700 2611 domum
714 2553 897 2612 fundamento
911 2555 1050 2621 innixam,
1064 2572 1167 2630 eorpus
1181 2555 1277 2629 eapite

62 2708 65 2715 ,
90 2650 282 2722 membrisque
304 2655 463 2725 constans*
501 2651 590 2729 Igitur
609 2671 673 2726 quoe
689 2653 886 2729 agitate-sunt
899 2654 1072 2727 questiones
1093 2652 1130 2713 de
1148 2650 1278 2710 Concilii

89 2748 273 2806 OEcumenici
285 2747 319 2804 ad
335 2748 504 2806 Pontificem
514 2749 662 2817 relatione,
673 2759 767 2808 utrum
781 2750 851 2811 illud
864 2769 899 2808 eo
914 2760 1029 2827 prestet
1040 2749 1218 2823 auctoritate,
1232 2768 1282 2811 ne·

89 2843 237 2922 gligendas
258 2856 409 2921 putamus3
430 2864 518 2918 quum
533 2865 570 2904 ex
591 2846 795 2923 Scripturavel
815 2847 964 2909 traditione
983 2838 1094 2906 nullom
1114 2842 1281 2929 norerimue

90 2940 255 2998 Concilium
280 2940 403 3001 indubie
424 2943 607 3011 auctoritatis,
628 2942 705 3016 quod
725 2941 897 3021 acephalum
918 2944 965 3021 Ιιιι.
984 2952 987 2958 “
1005 2943 1078 3011 Que
1102 2943 1281 3004 Constantis

92 3046 154 3094 ecte
167 3047 243 3103 sunt,
258 3038 287 3093 in
302 3039 424 3095 comitiis
439 3035 525 3097 veluti
546 3040 724 3116 generalibus
738 3040 888 3108 Ecclesite,
903 3040 938 3121 ad
959 3059 1059 3117 pacem
1072 3028 1278 3118 reducendem,

90 3132 179 3194 tribus
193 3131 229 3188 de
243 3130 411 3191 Pontificatu
427 3135 671 3203 contendentibus,
686 3155 723 3193 ex
733 3137 798 3213 jure
812 3136 920 3194 reluti'
912 3147 1009 3199 inuam
1023 3135 1102 3209 quod
1115 3136 1206 3197 babet
1222 3138 1280 3209 uo

90 3229 178 3288 clesia
191 3238 223 3286 ut
235 3228 291 3285 sibi
304 3229 443 3297 coosulat,
457 3232 526 3288 certi
541 3231 689 3289 Pontificis
704 3231 854 3300 electione,
862 3233 936 3290 lecte
947 3232 1037 3291 nobis.
1039 3230 1184 3309 videntur.
1225 3234 1281 3295 lle·

86 3327 171 3387 cretis
185 3325 220 3383 de
241 3324 297 3382 fide
318 3326 402 3383 robur
422 3300 605 3404 (Ecdmenici
628 3326 753 3386 Concilii
773 3329 904 3397 accessit,
918 3339 996 3387 certo
1014 3326 1160 3387 Pontifice
1174 3312 1292 3398 electo,¹

87 3425 137 3498 qui
158 3423 271 3482 decreto
291 3423 408 3498 speciali
423 3443 486 3496 quae
507 3425 637 3482 incensa
649 3424 716 3483 fidei
736 3436 798 3484 ecte
811 3435 879 3485 suut
898 3426 1044 3485 firmarit.⁸
1083 3416 1278 3489 ceterum
1252 3446 1280 3486 ιι

88 3523 134 3582 cui
148 3522 209 3579 haec
219 3529 314 3578 nostra
323 3521 462 3578 sententia
470 3540 528 3579 non
538 3522 671 3595 arriserit,
683 3523 835 3581 consilinm
844 3521 923 3605 quod
933 3523 1116 3600 suscepimus
1127 3543 1189 3584 non
1197 3524 1281 3584 debet

87 3621 257 3696 improbare,
272 3618 341 3677 illud
365 3620 525 3696 specialiter
539 3619 710 3689 vindicandi,
731 3620 809 3694 quod
828 3621 958 3679 omnium
973 3621 1192 3693 catholicorum
1213 3628 1278 3682 eon-

90 3718 223 3777 eeneione
248 3719 391 3795 probatur,
406 3737 510 3794 nempe
533 3717 665 3777 Concilio
684 3719 876 3777 OEcumenica
893 3736 959 3776 esse
981 3736 1045 3792 que
1064 3720 1101 3778 eb
1122 3720 1281 3799 Episcopis

122 3907 159 3968 (l)
172 3906 285 3970 Epistola
295 3907 415 3971 synodice
427 3907 458 3957 ad
470 3907 578 3956 Leonem
591 3908 637 3957 col.
648 3908 694 3958 659
706 3915 765 3958 tom.
777 3908 803 3957 ii.
813 3909 889 3958 Cone
900 3907 979 3958 Hard.
990 3898 1282 3980 ηψωωμῃοιω,

88 4002 189 4072 τιμησον
211 3999 253 4055 erni
274 4004 328 4064 ταῖς
348 4004 399 4064 σαῖς
416 4000 507 4069 Ψιφοις
526 4004 567 4055 τιν
585 4001 671 4071 xplow,
690 4010 766 4072 ὥσπερ
784 4002 849 4072 ipsis
867 4007 898 4058 τι
916 4003 1005 4072 erpetui
1024 4003 1067 4058 τιν
1085 4001 1109 4054 ιν
1126 3999 1181 4062 τοῖς
1200 4005 1282 4063 weiss

88 4084 413 4160 συμφωνισιειςενηνιχαμιν,
426 4093 486 4144 ivre
502 4086 543 4143 και
559 4086 571 4135 ι
589 4092 674 4157 scrupi
694 4089 745 4152 τοῖς
755 4092 836 4146 παισίν
853 4102 1015 4167 decemplices
1031 4090 1062 4171 τι
1076 4104 1187 4175 sepnor-¹

122 4178 159 4240 (2)
176 4177 239 4225 Vide
250 4176 318 4225 Gotti
331 4178 368 4245 De
377 4179 451 4227 Rom.
463 4176 535 4226 Pont.
546 4185 639 4226 auctor.
650 4178 696 4227 col.
708 4178 758 4228 111.
768 4195 792 4227 ιι.
804 4195 829 4228 x.
1152 4196 1154 4201 ·

123 4262 160 4324 (3)
179 4259 224 4323 Ep.
237 4259 268 4307 iv.
687 4244 691 4253 ¹
795 4272 799 4283 ¹

121 4346 157 4407 (4)
175 4345 254 4393 Docet
272 4342 421 4392 Damasus‘
422 4345 568 4394 ‘concilium
586 4344 644 4393 illud
663 4360 712 4393 non
729 4343 780 4394 fore
798 4336 957 4404 catholicum,
973 4342 1038 4408 qnod
1057 4343 1112 4392 sine
1130 4343 1280 4394 auctoritate

87 4428 153 4478 sedis
164 4424 313 4489 Apostolicre
331 4424 414 4491 fieret;
426 4443 504 4490 neque
517 4426 567 4476 ulla
579 4425 684 4475 concilia
698 4434 753 4476 rata
765 4427 814 4493 legi
829 4443 884 4493 qum
905 4425 1038 4492 apostolice
1049 4425 1201 4475 auctoritate
1218 4425 1277 4523 fulls

88 4529 138 4562 non
150 4509 266 4560 fuerint
301 4507 346 4571 Ep
359 4509 389 4557 ed
401 4508 554 4572 Stephanum
566 4518 591 4559 et
599 4510 661 4575 Syn
672 4510 783 4560 African.
877 4570 880 4575 ⁶
966 4570 971 4583 x

121 4596 157 4656 (5)
174 4593 237 4642 Vide
249 4591 292 4640 Du
304 4591 380 4658 Papc,
391 4607 434 4654 par
448 4591 484 4640 De
497 4592 628 4642 Maistrel.
641 4593 662 4642 1.
674 4594 711 4642 ch.
723 4579 765 4642 irii.
