2738 5032
343 226 929 329 nussucrrmmsnnmouo.
1171 266 1232 323 sos

43 440 147 483 servus
160 430 215 495 est,
226 422 274 485 tel
286 422 438 484 voluntatis
458 424 526 497 Dei,
539 423 585 484 vel
606 425 758 485 voluntatis
778 424 938 485 8ιιιιιιιε.”ι
977 422 1066 484 Recte
1085 420 1157 482 dixit
1175 420 1234 481 Lu·

47 521 144 579 theros
158 521 232 581 hano
244 520 280 579 de
294 540 376 580 servo
391 520 505 583 arhltrio
517 539 582 581 esse
603 531 623 559 ‘⁸
631 540 772 583 summam
786 522 933 581 causae:”¹
945 540 976 581 rc
990 522 1067 581 euim
1081 539 1147 578 vera
1160 518 1233 577 cele·

49 618 98 675 bra
111 618 176 695 ejus
195 618 329 695 placitum
350 618 385 677 de
405 618 461 679 adr
477 618 651 699 justificante
671 616 871 699 iude'pandet
911 618 1016 692 Liquet
1034 629 1127 677 autern
1148 632 1233 676 omne

48 714 184 773 virtutum
203 715 416 775 fundamentum
435 716 491 777 hae
509 717 616 775 ratione
637 716 706 775 tolli.
748 715 824 776 Audi
844 716 940 793 ipsum
958 716 1028 774 alias
1053 714 1233 782 clamantem,

48 809 172 867 recitatis
192 811 323 887 Apostoli
343 812 452 872 verbis:
494 812 717 871 “Non'habitat
737 812 768 870 iu
788 830 845 880 me,
866 811 922 870 hoc
942 819 995 879 est,
1017 811 1047 869 iu
1065 828 1150 869 carne
1169 828 1234 873 mea

49 904 167 965 bonurn.
208 906 298 984 Igitur
317 920 376 967 uon
397 909 453 966 tuis
474 908 594 979 uiribus,
614 908 748 967 seculum
771 926 895 982 nequam
914 916 943 966 et
963 907 1031 966 vitia
1051 916 1099 965 tna
1119 905 1233 974 vincera

49 1001 152 1061 trustra
164 1012 231 1062 sunt
243 1021 339 1081 opera,
353 1005 410 1063 nisi
424 1004 558 1064 Christus
571 1018 599 1064 te
612 1006 713 1085 eripiat
725 1004 814 1065 solus.
856 1005 951 1073 Quare
967 1022 1046 1073 cave,
1060 1022 1097 1063 ue
1113 1003 1234 1081 jejunia,

50 1095 165 1174 vigiliae,
179 1098 281 1167 studia,
296 1101 489 1178 temperantia,
503 1101 650 1170 sobrietas,
664 1101 784 1175 alioque
794 1102 922 1170 virtutes,
932 1108 961 1158 te
975 1098 1154 1178 hypocritam
1166 1099 1235 1156 irre·

53 1193 208 1267 parabilem
220 1193 370 1275 iaciant.”¹
409 1196 604 1271 Quascumque
620 1195 785 1256 adhibeatur
798 1196 947 1256 verbomm
960 1194 1062 1254 horum
1076 1195 1239 1272 interpreta-

55 1288 104 1358 tio,
118 1289 253 1350 virtutum
266 1293 432 1353 exercitium
445 1302 521 1351 certe
534 1293 611 1353 haud
630 1294 738 1353 forent.

96 1386 245 1457 Calvinus,
268 1392 398 1465 quamvis
419 1389 587 1468 plerumque
606 1392 716 1450 cautius
736 1390 848 1451 locutus
869 1391 917 1462 sit,
936 1409 974 1450 ex
995 1388 1125 1470 prolesso
1144 1398 1240 1448 nmen

56 1484 200 1544 contendit
220 1486 315 1547 Deum
335 1505 394 1547 nou
414 1496 521 1548 tantum
543 1478 715 1566 permittere,
735 1487 893 1548 sedetiam
913 1507 1007 1567 agera,
1020 1504 1239 1563 quacumques

58 1581 171 1652 Samus,
184 1593 214 1642 et
225 1585 357 1644 omnibus
370 1584 498 1663 reprobis
511 1584 593 1645 hunt.
633 1584 679 1655 De
694 1582 907 1645 catholicorum
927 1585 1108 1645 distinctione
1126 1584 1169 1643 sic
1181 1582 1240 1642 dis·

58 1656 138 1738 soriti
182 1681 251 1740 “ho
265 1682 435 1742 excusabilis
448 1683 519 1742 forta
533 1690 610 1741 esset
622 1700 722 1741 eorum
740 1680 889 1750 modestia,
904 1700 976 1755 quos
989 1690 1075 1740 terret
1086 1679 1241 1741 absurdita-

59 1773 94 1833 tis
106 1770 229 1853 speeies,
243 1779 299 1837 nisi
314 1778 390 1852 quod
409 1797 558 1857 perperam
576 1777 719 1837 mendacii
740 1777 897 1855 patrocinio
917 1794 1042 1835 asserere
1055 1786 1164 1836 tentant
1182 1774 1240 1834 Dsi

55 1868 194 1951 imm
214 1875 249 1933 ab
269 1877 348 1934 omni
369 1877 484 1935 sinistra
503 1884 579 1935 nota.
620 1874 781 1934 Absurdum
802 1873 923 1942 videtur,
938 1872 1049 1931 volente
1070 1892 1104 1930 ac
1120 1873 1239 1951 jubente
1333 1856 1352 1907 -''⁴

9 1960 123 2067 ''g-*libo
135 1974 273 2031 excecari
293 1966 448 2042 huminem,
463 1974 513 2047 qui
526 1992 595 2033 mox
608 1973 741 2032 cecitatis
755 1990 814 2032 suar
833 1990 930 2050 paenas
947 1969 1061 2029 daturus
1075 1978 1129 2027 est
1170 1968 1243 2028 Ter·

24 2034 252 2147 ''uremdo
243 2080 337 2144 itaque
350 2072 497 2149 effugiunt,
510 2070 566 2130 Dei
574 2081 686 2129 tautum
700 2072 921 2148 permissuum
935 2068 1020 2129 etiam
1032 2067 1173 2127 volontate
1186 2066 1243 2125 hoo

60 2166 136 2227 ieri.
156 2168 220 2243 ipse
229 2187 296 2226 vero
307 2168 398 2245 palam
409 2186 441 2225 sa
452 2166 543 2225 faeere
553 2168 749 2244 pronuntians,
758 2167 895 2244 effugium
906 2165 976 2225 illud
976 2164 1124 2244 repudiat.
1158 2160 1244 2231 Quod

62 2279 155 2329 autem
170 2266 242 2324 nihil
255 2265 379 2324 efficiant
397 2264 528 2324 homines
544 2264 603 2323 nisi
620 2282 722 2325 arcano
737 2264 890 2331 Dalmata,
905 2281 959 2321 neo
972 2261 1126 2336 quidquam
1139 2258 1245 2319 delibe-

40 2424 47 2429 .
64 2364 149 2425 rundo
163 2364 279 2440 agitent,
293 2363 350 2421 uisi
364 2361 440 2436 quod
459 2362 523 2439 ipse
539 2361 600 2439 jam
614 2360 690 2439 apud
709 2379 741 2419 se
760 2358 925 2428 decreverit,
939 2366 969 2417 et
980 2362 1145 2417 arcana'sna
1157 2356 1246 2415 dirce·

64 2464 138 2537 tione
152 2462 312 2530 constituat,
327 2459 482 2518 innumeris
496 2468 525 2517 et
537 2459 620 2517 elaris
634 2457 804 2517 testimoniis
819 2457 960 2535 probatur.
1002 2454 1086 2523 Quod
1100 2463 1164 2514 ante
1179 2454 1246 2513 cita·

64 2564 154 2623 umus
179 2579 217 2620 ex
240 2558 366 2627 Psalmo,
383 2553 489 2616 'Deum
512 2575 699 2631 quascumque
720 2557 781 2615 vult
806 2555 909 2624 facere,
934 2554 969 2612 ad
994 2572 1095 2613 omnes
1120 2553 1245 2611 actiones

65 2659 211 2719 hominum
235 2656 374 2733 pertinere
398 2663 505 2714 oenum
530 2653 606 2712 est.”
627 2655 645 2690 ¹*
664 2655 682 2690 ¹*
701 2655 718 2690 ¹*
739 2651 901 2709 “Absalom
926 2651 1035 2708 incesto
1058 2649 1133 2706 coitu
1158 2649 1246 2724 patris

64 2748 488 2832 lorumpolluens,·dctestahile
508 2748 601 2807 scelus
622 2756 778 2824 perpetrat3
803 2745 883 2805 Deus
897 2755 992 2802 tamen
1005 2743 1060 2800 hoc
1074 2760 1147 2818 opus
1162 2759 1246 2800 suum

68 2872 129 2914 esse
150 2852 329 2931 pronuntiat:
350 2849 436 2908 rerba
455 2847 531 2907 enim
552 2855 633 2904 sunt:
658 2844 723 2903 ‘Tu
742 2838 836 2931 fecisti
857 2841 984 2901 occulte:
1005 2850 1060 2916 ego
1073 2856 1141 2897 vero
1154 2839 1248 2916 palam

71 2951 180 3018 faciam,
195 2959 224 3007 et
236 2965 329 3006 coram
344 2944 404 3004 sole
418 2942 495 3002 hoc!
505 2941 540 2977 ”⁸

104 3044 317 3123 Presbyteriani
336 3042 440 3102 docent
459 3039 553 3101 Deum
567 3056 681 3097 summo
696 3056 749 3096 sno
763 3035 894 3104 oonsilio,
909 3033 944 3093 ad
964 3052 1023 3092 suar
1037 3052 1179 3112 supremae
1198 3052 1249 3112 po-

68 3147 174 3207 testatis
195 3144 323 3223 gloriam,
337 3142 372 3199 ab
386 3149 493 3200 aeterno
506 3137 651 3197 ordinasse
664 3132 775 3205 omnes,
790 3144 897 3214 praeter·
904 3152 955 3195 eos
968 3154 1040 3209 quos
1061 3135 1115 3194 sibi
1131 3134 1250 3211 gratuita

68 3241 261 3304 misericordia
273 3240 369 3317 elegit,
383 3236 419 3296 ad
438 3235 560 3295 dedecus
574 3244 603 3293 et
615 3235 696 3303 iram,
711 3232 746 3292 ad
763 3253 822 3292 sue
838 3234 956 3311 justitie
976 3232 1100 3291 laudem.
1142 3229 1249 3287 Omnia

69 3341 153 3401 etiam
165 3339 338 3416 Angelorum
357 3334 562 3406 hominumque
584 3342 698 3409 peccata
710 3332 745 3389 ab
765 3331 830 3407 ipso
850 3328 1047 3406 pra-ordinata
1066 3324 1178 3385 tradunt
1190 3341 1248 3382 uon

68 3436 174 3497 tantum
193 3433 372 3514 permissise,
386 3430 438 3489 sed
457 3429 573 3507 speciali
594 3427 714 3502 quadam
733 3427 841 3487 ratione
857 3445 920 3499 quar
935 3424 970 3483 ad
990 3421 1248 3501 providentiarum

68 3537 194 3616 regimen
207 3532 337 3613 pertinet.
378 3528 516 3589 Electos'
508 3545 588 3605 ipsos
599 3526 634 3583 ad
648 3535 760 3601 tempus
774 3524 829 3581 sibi
842 3523 928 3581 veluti
942 3521 1065 3589 relictos,
1076 3531 1109 3578 ιιι
1119 3519 1178 3577 ιὶιιι
1189 3537 1249 3578 cors

69 3634 208 3714 ruptionis
222 3648 285 3707 quae
302 3630 361 3688 suis
379 3626 510 3687 cordibus
530 3625 615 3692 inest,
629 3622 825 3699 experimento
844 3618 964 3687 discant,
978 3636 1038 3677 nou
1057 3626 1188 3676 verentur
1207 3617 1240 3677 ai

69 3734 204 3793 firmare.
238 3729 409 3804 corruptam
438 3734 566 3782 naturam
593 3714 749 3779 humanain
775 3726 892 3795 peccato
919 3716 1076 3793 primomm
1102 3725 1248 3792 pareutum

70 3835 237 3908 agnoscunt,
259 3833 289 3883 et
312 3842 375 3882 eam
398 3816 609 3897 corruptionem
633 3817 663 3875 iu
686 3814 850 3873 homiuibus
875 3813 961 3870 etiarn
988 3821 1054 3889 post
1077 3812 1248 3889 baptismum

72 3944 196 3994 manera,
216 3937 373 3994 omnesque
395 3918 457 3996 ejus
477 3925 572 3975 motus
592 3932 658 3972 vere
679 3923 708 3971 et
727 3911 823 3970 stricte
844 3918 960 3988 peccata
980 3926 1045 3967 esse
1066 3910 1248 3987 profitentur:

73 4022 213 4097 omnaque
228 4027 374 4099 peceatum
387 4015 533 4075 homiuem
545 4022 654 4071 [emmae
669 4009 752 4070 morti
764 4009 912 4087 subjicere.
947 4007 1083 4066 Hominis
1096 4004 1251 4067 libertatem

74 4130 190 4205 peccato
200 4106 314 4196 penitus
325 4112 457 4171 amissam
469 4110 588 4178 tradunt,
601 4108 671 4167 adeo
681 4117 713 4166 ut
721 4108 782 4185 jam
793 4106 853 4163 suis
867 4105 973 4163 viribus
986 4116 1108 4178 nequeat
1120 4104 1241 4178 aliquota

72 4238 124 4280 uus
135 4236 168 4278 se
181 4216 217 4276 a'd
230 4210 445 4309 couversionem
456 4207 621 4287 disponere,
633 4205 731 4264 dicunt
740 4203 848 4262 scilicet
859 4221 875 4259 a
888 4201 952 4260 Doo
964 4212 1052 4273 totum
1063 4199 1251 4261 translationis

237 4426 273 4488 (l)
289 4424 341 4474 Sub
351 4421 426 4470 finem
437 4418 477 4470 tol
487 4417 539 4470 237
547 4433 578 4468 ex
589 4418 666 4468 ultera
677 4420 755 4481 ports.

239 4510 276 4572 (θ)
293 4509 325 4558 ln
335 4523 372 4571 ep.
382 4505 413 4555 sd
423 4503 535 4555 Galat.
611 4530 614 4535 ·

130 4624 135 4639 .
237 4593 278 4655 (3)
289 4592 384 4643 Calvio.
395 4589 412 4643 l.
423 4590 444 4640 l.
461 4589 523 4639 lust.
534 4603 557 4637 o.
568 4587 633 4637 xviii.
645 4586 659 4645 h
671 4586 691 4635 l.
702 4601 726 4650 p
737 4584 790 4633 155.
802 4581 855 4633 lat
892 4606 895 4613 ·
