2738 5032
86 248 147 309 Μ
204 290 209 299 -
373 245 430 305 ut:
452 243 629 306 ΟΑΝΟΝΕ
650 243 990 306 soutrt’urtauutu.

89 402 267 484 cyprianae
281 403 385 477 aliique
398 402 498 464 Patres
511 402 561 463 ‹lio
575 414 640 463 ants
654 403 823 463 testimoniis
834 422 871 463 ax
890 403 970 462 libris
983 399 1293 461 Deuterocanonicis

89 503 136 561 usi
149 512 217 561 sunt
236 512 268 560 ut
288 502 420 579 dogmata
433 502 593 578 probarent,
605 500 683 574 quod
695 501 800 579 legenti
814 520 913 559 eorum
928 519 1021 578 opera
1039 500 1073 558 tit
1085 498 1289 561 manifestum.

88 599 280 657 Auousrrrtus
293 596 363 655 illud
375 616 413 655 ex
428 597 574 675 Sapientia
586 595 711 657 laudarit
722 595 759 653 atl
767 595 923 655 doctrinam
938 593 1124 653 firmandam:
1148 603 1168 631 ‘⁸
1180 604 1285 671 raptus

87 705 181 753 estne
202 693 310 751 malitia
330 704 450 751 mutarat
474 693 647 753 intellectum
670 692 794 768 ejus:”¹
814 701 843 749 at
869 710 958 765 quum
986 691 1188 750 Massilienses
1216 690 1286 750 libri

87 792 251 851 eanonicam
264 792 457 850 auctoritatem
471 792 501 849 in
511 791 697 864 questionem
709 789 1028 867 rammot'respondit
1037 800 1154 849 nactos
1167 788 1280 848 doctor:

88 898 109 927 ‘⁸
120 907 178 947 nou
192 887 290 947 debuit
301 888 445 965 repudiari
463 888 604 947 mnteutia
627 886 691 945 libri
711 887 877 965 Sapientior,
890 886 940 959 qui
960 887 1065 947 meruit
1088 886 1120 944 iu
1142 886 1280 945 Ecclesia

87 985 198 1045 Christi
222 986 259 1045 (le
283 985 372 1064 gradu
391 986 528 1051 lectorum
553 984 695 1045 Ecclesire
719 984 829 1043 Christi
847 995 905 1043 tam
925 984 1018 1062 longa·
1030 984 1190 1043 annomtatc
1209 985 1279 1043 roci·

87 1083 150 1145 tari.
162 1098 192 1142 et
204 1084 240 1141 ab
259 1083 392 1141 omnibus
413 1081 597 1148 Christianis,
618 1081 653 1139 ab
674 1080 832 1158 Episcopis
853 1080 1000 1154 usquead
1019 1090 1166 1141 extremos
1190 1080 1276 1144 laicos

87 1178 197 1246 fideles,
210 1179 387 1255 penitentes,
401 1177 622 1235 catechumenos
632 1195 694 1235 ouu
706 1194 918 1237 murmurosa
932 1195 1044 1235 nrum:
1056 1194 1274 1239 auoroarrms

85 1274 177 1333 autliri
206 1276 224 1309 *
246 1278 263 1310 ¹
284 1276 301 1309 ⁸
333 1273 392 1332 Sed
415 1275 467 1346 qui
486 1273 636 1331 sententiis
655 1282 833 1331 umtatorum
857 1273 964 1331 instrui
979 1271 1090 1340 uolunt,
1115 1282 1229 1351 oportet
1245 1281 1275 1330 ut

85 1372 173 1433 istum
190 1372 303 1431 librum
324 1371 478 1449 Sapientis
499 1372 517 1406 ⁸
539 1371 557 1405 *
578 1374 596 1409 *
615 1371 748 1429 omnibus
769 1371 963 1430 tractatoribus
987 1376 1196 1449 anteponam.
1208 1389 1272 1445 quo·

84 1468 161 1528 aiam
175 1469 231 1527 sibi
250 1487 317 1527 eum
337 1478 560 1544 anteposuerunt
585 1468 672 1525 etiarn
699 1468 875 1543 temporibus
902 1468 1042 1544 proximis
1070 1469 1271 1546 Apostolorum

87 1566 196 1643 egregii
210 1576 381 1632 tractatores,
392 1565 444 1638 qui
456 1582 524 1624 eum
533 1575 634 1623 testem
645 1564 811 1625 adhibentm
819 1564 931 1623 nibilse
940 1564 1074 1625 adhibere
1082 1566 1141 1625 nisi
1149 1565 1271 1627 diriuunt

82 1663 277 1723 &amusium
292 1661 519 1721 crediderant.”¹
1198 1714 1201 1719 .

123 1759 158 1817 8.
173 1758 377 1817 Hieromus
386 1759 474 1817 libros
487 1757 623 1817 aludeis
633 1758 765 1817 omnibus
778 1758 809 1817 in
817 1756 968 1818 canonem
977 1769 1117 1835 exceptos
1126 1758 1271 1834 mceosuit,

83 1866 259 1927 caurusque
268 1854 340 1913 dixit
349 1854 406 1915 “od
415 1855 631 1913 edificationem
641 1854 953 1931 inEcclesialegimon
962 1853 1270 1935 tsmenaddogmatam

84 1952 361 2013 eootirmauonem.’'
403 1952 603 2011 Additamento
625 1950 755 2010 Danielis
773 1961 805 2010 st
825 1952 957 2011 Estberis
976 1952 1114 2029 rejecisse
1132 1954 1212 2012 risus
1231 1964 1271 2013 cst

86 2051 214 2119 Buffino,
233 2050 335 2125 quiid
353 2053 383 2108 ei
402 2050 603 2127 exprobrauit:
624 2048 676 2107 sed
703 2049 900 2109 vehementius
922 2051 1137 2110 accusationem
1163 2052 1271 2129 repulit

86 2158 107 2185 ‘⁴
116 2148 202 2216 Quoti
217 2160 309 2206 autem
324 2148 416 2205 refero
427 2146 496 2221 quiri
512 2146 661 2205 adversum
671 2147 810 2206 Βιιιιιιιιιω
824 2146 981 2215 historiam,
993 2147 1179 2235 et-hymnum
1191 2151 1271 2209 uium

86 2266 250 2324 puerorum,
260 2257 289 2305 st
302 2246 381 2305 Bolis
395 2245 527 2305 draconis
540 2245 659 2313 fabulas,
670 2265 734 2320 quae
745 2246 775 2329 in
786 2246 931 2305 volumine
945 2245 1090 2313 Hebraico
1100 2247 1273 2309 nonltabea·

85 2356 141 2412 tur,
157 2344 272 2403 Hebraei
292 2344 402 2402 soleant
424 2343 530 2410 dicere,
544 2343 595 2416 qui
614 2361 662 2401 me
680 2343 845 2401 criminatur
865 2343 993 2411 stultum,
1012 2362 1045 2401 se
1066 2344 1272 2422 sycophantam

1 2438 14 2480 t
86 2442 195 2517 probat,
208 2459 267 2498 non
278 2441 356 2499 enim
371 2438 438 2511 qnid
453 2441 516 2515 ipss
527 2439 673 2505 sentirem,
687 2439 739 2497 sed
750 2438 819 2513 quid
828 2440 870 2499 illi
881 2450 1044 2499 conuenae
1055 2440 1274 2503 dicers'soleaut

84 2536 274 2614 explicavi.”⁸
327 2537 479 2597 llereticis
496 2538 669 2614 jactantibus
695 2537 788 2613 legem
816 2547 845 2597 ct
870 2538 1023 2607 consilium
1037 2538 1108 2621 ¹Dei
1137 2540 1214 2618 apud
1242 2558 1272 2599 se
1296 2531 1298 2535 ⁷

85 2652 210 2701 manere,
230 2633 329 2711 objicit
348 2633 542 2691 auctoritatem
562 2632 626 2690 libri
647 2632 812 2709 Sapientiae,
825 2636 913 2706 quem
932 2634 1111 2711 Scripturarn
1124 2635 1270 2714 designat:

85 2731 229 2789 “tliccote
251 2730 416 2807 Scriptura:
438 2729 485 2788 ‘in
506 2747 668 2806 persenam
691 2728 815 2789 mimam
836 2720 902 2789 non
923 2730 1060 2803 introibit·
1080 2731 1273 2810 sapientiam

84 2829 125 2889 Et
144 2829 214 2887 alias
238 2829 306 2887 citat
325 2827 581 2887 Ecclesiasticum:
605 2836 625 2863 ¹⁶
637 2826 743 2887 Divina
756 2828 902 2904 Scriptura
914 2828 1049 2901 loquitarr.
1089 2831 1226 2891 ‘Musica
1245 2832 1272 2891 iu

83 2925 171 2990 luctu,
187 2926 348 2999 importuna
375 2923 545 2982 narratio.”⁴
584 2922 633 2982 Ex
659 2923 715 2981 his,
729 2923 803 2982 loeis
814 2924 973 3000 {colligitur
992 2942 1071 2993 eum,
1089 2944 1272 2993 communem

74 3021 172 3079 -seluti
187 3019 327 3079 Ecclesia
349 3040 465 3079 sensum
480 3031 658 3093 sequentem,
673 3021 727 3079 hos
748 3019 835 3079 libros
855 3019 968 3078 divium
986 3020 1130 3092 laudasse,
1144 3026 1272 3097 quamuis

82 3118 155 3179 alius
165 3118 206 3175 ob
217 3117 380 3176 iudeorum
395 3136 533 3177 canonem
550 3118 659 3176 herere
672 3118 812 3185 visussit,
827 3128 856 3176 ct
875 3117 1109 3179 Ecclesiasticam
1122 3121 1271 3183 lectionem

85 3216 121 3275 od
133 3215 349 3275 edificationem
363 3215 514 3273 retulerit,
542 3212 697 3272 Rurrmus
718 3215 833 3288 quidem
857 3215 945 3274 libros
966 3216 1133 3293 Sapientiae,
1149 3218 1273 3293 Ecclesi-

85 3298 176 3382 astioi,
189 3313 290 3371 'labie
305 3324 334 3371 et
343 3311 454 3379 ltrditb,
465 3322 495 3369 ot
508 3312 750 3379 Macbebteotum,
762 3310 992 3381 Ecclesiasticus,
1002 3324 1031 3373 et
1040 3333 1098 3375 non
1107 3316 1272 3379 (laconicus

85 3423 178 3477 vocat,
197 3428 273 3483 qnos
293 3408 403 3467 scilicet
422 3409 544 3486 majores
559 3408 646 3484 “legi
673 3407 788 3481 quidem
814 3409 844 3467 in
870 3409 1010 3469 Ecclesiis
1039 3412 1191 3473 voluerunt
1216 3434 1272 3477 noa

84 3518 178 3567 brnen
191 3507 312 3584 proferri
333 3505 370 3563 ad
388 3507 582 3564 auctoritatam
600 3520 640 3563 er
662 3506 708 3563 bis
727 3504 795 3563 titlei
818 3506 1088 3569 confirmandam&
1129 3510 1271 3573 Caeterum

85 3604 199 3671 Bamch
221 3605 323 3664 librum
337 3602 465 3662 divinum
487 3603 610 3680 agnovit,
625 3622 691 3660 uam
706 3602 768 3679 ejus
794 3603 956 3662 vaticinium
971 3602 1006 3663 de
1021 3605 1140 3666 Christo
1159 3608 1281 3670 laudatt.

82 3702 202 3769 “Quod
223 3715 252 3761 et
264 3701 402 3780 propbeta
417 3702 593 3778 predixerat.
608 3702 657 3773 abi
676 3702 735 3761 ait:
756 3701 836 3761 ‘llic
850 3702 930 3763 Deus
941 3716 1051 3776 nostan
1065 3708 1159 3767 etc.’'⁸
1199 3711 1270 3789 Ejus

82 3799 235 3861 auctoritas
248 3811 325 3858 ιιιιιι
344 3818 403 3858 aas
417 3810 470 3866 est,
484 3811 516 3857 ut
539 3799 706 3858 sententiam
722 3799 835 3876 ejusde
856 3800 995 3862 Ecclesiae
1018 3822 1104 3864 sensu
1119 3806 1152 3873 in
1170 3807 1271 3868 hac-rs

85 3898 220 3977 adoptare
236 3898 366 3965 velimus,
381 3907 422 3954 tot
435 3898 498 3955 aliis
516 3892 701 3974 scriptoribus
715 3897 801 3957 libros
815 3898 869 3956 hos
891 3917 956 3959 cum
980 3903 1162 3964 ueneratione
1171 3882 1271 3971 alisius

83 3993 257 4057 auctoritatis
271 3995 328 4071 legi
347 3994 524 4061 testantibus.
566 3994 614 4052 Ex
633 3995 761 4071 ipsorum
783 3994 899 4054 Patruus
913 3997 964 4071 qui
975 3990 1138 4063 sOanonsm
1158 4002 1271 4065 ,ludaeo-

282 4170 318 4230 (l)
336 4170 375 4220 De
386 4170 467 4220 Prmd.
475 4170 562 4222 Sanct.
574 4186 595 4219 c.
608 4169 645 4221 lb.
914 4198 917 4204 ·
1073 4212 1075 4217 -

284 4255 321 4314 (ἓ)
339 4256 463 4319 Apatna
476 4256 750 4308 adsttuffintotdttt.
763 4257 800 4308 ed.
813 4258 949 4308 sustula.
1229 4272 1235 4277 ·
1261 4283 1265 4292 ·

285 4338 322 4399 (3)
338 4340 435 4388 Coram.
446 4341 472 4389 in
483 4339 576 4389 Jereru.
586 4356 608 4390 c.
622 4341 688 4391 sulii.

282 4424 321 4484 (t)
341 4421 387 4485 Ep.
399 4422 438 4471 34.
450 4425 480 4472 sd
490 4423 582 4473 Julian.

285 4507 322 4567 (5)
340 4507 448 4570 Symbol.
457 4523 541 4572 orpus.
550 4523 577 4557 n.
588 4507 627 4558 ³8.

283 4590 397 4655 tile-l·
505 4614 507 4618 ⁴
