2738 5032
93 256 133 328 te
496 269 552 328 DE
574 268 669 327 FIDE
691 266 916 329 Hlsroltict
961 292 964 301 ¹

94 425 230 493 rinthum,
245 426 492 505 Thessalonicam,
507 428 668 505 Ephesum,
684 428 816 494 Romam,
832 427 979 487 Ecclesias
993 426 1028 486 ad
1042 445 1112 502 quas
1127 436 1226 486 extent
1246 428 1278 486 S.

95 521 179 598 Pauli
188 523 337 600 Epistole.
371 524 522 600 Origenes,
534 525 637 582 'relatus
649 525 683 581 ab
697 514 835 591 Eusebio,
848 536 1109 597 quatuorreeenset
1122 524 1282 602 Evangelia

92 618 236 691 tanquam
251 620 281 676 in
297 620 427 677 universa
441 619 496 678 Dei
511 620 642 689 Ecclesia
656 619 802 677 ιιιιιιιιιιι.1
1192 670 1196 678 ,

78 740 85 751 ⁴
133 719 163 772 2.
184 714 238 774 Ee
259 715 427 795 intrinsecis
448 717 607 774 authentice
630 717 728 774 notis:
756 735 789 773 ca
813 718 919 793 quippe
946 717 1067 793 singulis
1090 717 1170 774 libris
1193 717 1283 776 conti·

95 824 206 879 nentur,
221 832 283 885 quae
305 815 444 890 personis,
469 814 598 890 tempori,
621 813 760 886 locisque,
773 812 1143 891 'conveniunt,.singulique
1163 815 1283 891 scripto·

94 909 135 967 ris
154 908 342 967 characterem
364 911 418 967 sibi
441 911 610 986 impressum
633 910 824 986 precesserunt.
867 909 986 970 Minutae
999 910 1127 969 'adeoet
1143 924 1280 989 accurate

25 1054 33 1069 .
93 1017 240 1089 resumet
265 1025 448 1085 personarum
473 1006 676 1083 descriptiones
695 1025 833 1069 ‚coaevnrn
865 1007 1043 1083 scriptorem,
1064 992 1164 1066 testem
1187 1009 1281 1067 oculs·

94 1113 165 1170 nrm,
181 1103 337 1161 vel-saltem
353 1105 387 1160 ab
411 1103 522 1165 oculato
544 1115 615 1161 teste
629 1103 770 1169 edoctum,
785 1103 928 1161 denotant.
950 1104 1042 1170 noe
1054 1103 1091 1162 de
1107 1096 1283 1182 'Hierosoly-

95 1217 149 1257 me
163 1197 276 1258 excidio
290 1220 307 1257 ιι
321 1200 438 1273 Christo
453 1211 598 1258 narrantur
611 1197 753 1276 predicta,
773 1211 937 1272 antequam
947 1184 1090 1277 generatio
1112 1201 1171 1259 illa
1175 1197 1282 1261 defice·

96 1307 125 1354 et
144 1272 335 1385 adimplenda.
351 1296 425 1354 hand
449 1296 579 1353 dicuntur
592 1316 608 1353 a
622 1297 757 1371 scriptore
775 1297 840 1372 jam
858 1308 960 1354 eventu
982 1294 1183 1373 comprobata-t
1205 1298 1282 1382 qnod

94 1404 186 1453 tamen
211 1394 285 1453 haud
307 1394 523 1471 neglexisset
500 1413 525 1451 st
546 1405 611 1485 post
632 1406 763 1452 eventum
787 1412 866 1469 snam
889 1394 1127 1471 composuisset
1122 1394 1281 1455 historiam.

94 1491 214 1569 Linguni
229 1491 377 1550 Hebraicae
390 1491 523 1562 idiomata
536 1503 565 1549 et
578 1491 669 1568 stylus
685 1491 866 1549 Hebraicus
858 1511 888 1549 ιιι
897 1488 975 1549 libris
991 1491 1045 1549 illis
1057 1510 1088 1549 se
1099 1492 1208 1565 ubique
1219 1513 1282 1570 prn-

93 1586 173 1659 duut,
188 1587 263 1646 unde
280 1586 375 1669 liquet
393 1587 509 1669 Judaeos
532 1607 596 1646 esee
617 1600 756 1671 auctores.
797 1588 864 1665 lpsa
888 1588 956 1666 styli
981 1581 1124 1647 humilitas
1148 1589 1280 1649 homines

91 1682 191 1742 litteris
205 1683 281 1742 haud
295 1682 434 1769 excultos,
442 1685 545 1758 quoles
554 1680 877 1760 exhibentur'hpostoli,
892 1684 1024 1743 ostendit.
1064 1681 1186 1744 loannis
1201 1698 1281 1747 tener

92 1780 214 1848 enimus,
230 1781 264 1840 ad
279 1779 388 1853 Christi
410 1782 580 1856 fratrumque
594 1794 719 1841 amorem
741 1799 911 1857 propensus,
926 1800 977 1857 per
982 1778 1085 1857 omnia
1097 1796 1151 1842 sua
1162 1785 1279 1863 scripta,

92 1877 170 1937 Petri
184 1880 332 1938 auotoritas
344 1880 495 1952 fervorque
509 1880 597 1939 animi
611 1881 640 1937 in
654 1880 714 1935 suis
729 1878 868 1971 epistolis,
883 1877 966 1938 Pauli
985 1879 1086 1938 ardens
1101 1868 1285 1972 studium,ct

91 1974 169 2035 leodi
183 1978 277 2054 copia
281 1978 384 2050 ubique
399 1987 523 2076 apparet.
591 2022 596 2027 .

131 2078 160 2131 3.
181 2072 235 2131 Er
251 2071 417 2131 Christiani
438 2069 569 2130 nominis
586 2070 667 2130 host‘
643 2077 720 2133 trum
739 2044 929 2153 consessione,
945 2036 1061 2143 Celsus
1066 2063 1174 2150 quippe
1189 2094 1240 2148 qur
1253 2081 1283 2135 2

92 2170 345 2247 Suculoscripsit,
357 2168 548 2245 Porphyrius,
557 2168 702 2235 Julianus,
709 2167 823 2241 aliique
836 2169 943 2249 ιιιιιιιιιιι
960 2181 1108 2227 moverunt
1118 2169 1238 2231 dublum
1249 2172 1285 2231 de

90 2267 227 2326 librorum
242 2267 281 2325 N.
297 2267 335 2324 Γ.
351 2266 505 2334 authentia,
521 2266 572 2324 s'ed
587 2268 680 2342 potjus
695 2285 732 2324 ex
743 2267 802 2325 rlhs
817 2268 899 2343 plura
912 2266 1069 2337 laudarunt
1149 2318 1152 2323 ⁴

84 2411 87 2419 .
130 2367 159 2427 4,
169 2364 231 2422 Ex
244 2363 348 2435 fraudis
363 2363 536 2443 difficultate.
575 2346 744 2423 viventibus
766 2364 911 2441 Apostolis
926 2364 987 2421 fieri
1001 2384 1058 2423 non
1072 2367 1210 2442 potuitnt
1224 2369 1287 2429 vul·

91 2464 227 2549 gerentur
235 2472 332 2521 eorum
348 2461 463 2518 nomine
472 2438 536 2517 libri
551 2461 640 2521 aliena
652 2471 737 2519 manu
751 2457 912 2537 compositi,
922 2460 1001 2540 quin
1000 2457 1081 2524 fraus
1095 2460 1285 2547 detegeretur:

90 2553 162 2633 ipsis
184 2553 280 2613 verde
302 2556 359 2613 vita
379 2552 505 2624 sublatis,
520 2555 629 2616 difficili
649 2553 767 2634 negotiu
787 2556 978 2633 reciperentur
998 2559 1103 2645 scripta
1116 2577 1181 2630 que
1202 2571 1286 2627 sowa

90 2653 191 2719 fideles
205 2653 322 2727 omnino
332 2653 484 2730 latuerant.
524 2651 557 2710 ld
569 2653 725 2730 presertim
740 2649 1029 2722 animadvertendum,
1043 2655 1193 2739 plerasque
1208 2657 1286 2734 epis·

90 2750 161 2824 telas
176 2750 259 2808 Pauli
274 2748 315 2812 ιιι
318 2718 455 2822 quasdam
468 2740 615 2807 Ecclesias
628 2749 672 2807 vel
686 2749 720 2806 ad
737 2749 896 2827 Episcopos
909 2750 1064 2825 quosdam
1056 2748 1187 2831 directas,
1202 2771 1287 2811 ocoe-

90 2848 171 2905 sioue
185 2858 300 2925 sumpta
313 2865 350 2904 ex
364 2845 462 2919 litteris
477 2845 621 2922 adipsum
633 2847 740 2912 missis,
756 2845 800 2902 vel
815 2864 852 2903 ex
866 2836 1013 2930 eventibus
1028 2822 1197 2927 quibusdam
1210 2851 1285 2939 pub·

89 2928 170 3002 li'cis:
187 2963 244 3021 quo
254 2953 347 3000 autern
362 2953 443 3018 pacto
458 2942 519 3000 fieri
534 2944 633 3019 potuit,
646 2956 744 3000 utnon
760 2942 964 3013 reclamaretur,
978 2961 1002 2999 ιι
995 2943 1100 3001 nulle
1116 2933 1288 3033 hujusmodi·

90 3039 217 3115 epistole
232 3036 353 3095 fuissent
365 3039 400 3094 ab
420 3036 477 3094 illis
497 3038 641 3113 acceptet
682 3037 749 3114 Ipsa
769 3037 947 3113 Evangelia
940 3055 968 3096 ιιι
970 3028 1118 3095 fidelium
1132 3038 1284 3119 eujusdam
1302 3092 1305 3099 .

89 3135 214 3213 regionis
228 3134 376 3217 utilitatem
386 3122 552 3219 presertim
567 3135 689 3215 scripta
692 3145 767 3241 snut,
783 3133 818 3191 ad
831 3134 903 3192 alios
918 3146 1017 3241 postea
1033 3128 1214 3229 iliuulgundn,
1230 3136 1285 3197 tes'·

90 3231 210 3291 timonio
224 3229 260 3287 de
275 3226 386 3286 auctore
401 3229 554 3296 roborata.
654 3282 659 3297 x

132 3328 199 3408 obj.
221 3307 299 3386 Libri
314 3327 355 3384 illi
369 3303 446 3403 apud
458 3292 644 3397 Christicolas
665 3326 746 3384 facile
761 3314 876 3421 excepti
892 3338 959 3387 sunt
979 3328 1057 3415 n'ullo
1072 3328 1106 3401 de
1120 3276 1283 3412 unctoribus

72 3426 217 3507 ',i‚nstituto
231 3423 372 3483 examine.
403 3422 517 3483 llorum
527 3421 613 3498 igitur
626 3423 830 3503 testiinonium,
839 3414 987 3497 tamquam
998 3423 1033 3481 de
1048 3443 1078 3487 re
1092 3444 1153 3493 sua,
1165 3445 1226 3499 non
1240 3441 1284 3485 est

43 3558 46 3563 ·
90 3522 365 3600 excipiendumh·
712 3575 722 3583 ,,
753 3572 759 3583 .
987 3536 990 3543 “
1152 3532 1156 3545 “

79 3696 81 3700 ,
117 3616 216 3697 Resp.
239 3619 317 3677 Libri
336 3619 378 3679 illi
399 3639 456 3679 non
470 3618 541 3676 adeo
562 3618 643 3676 saeile
667 3619 868 3699 reciperentur,
881 3630 908 3676 'st
900 3618 972 3691 ‹le
980 3629 1091 3677 auctore
1106 3639 1164 3678 non
1178 3623 1283 3681 consti·

34 3714 38 3721 '
82 3678 188 3781 ¹tiisetr
211 3730 286 3772 nam
292 3715 458 3774 arctissimis
479 3714 597 3791 legibus
600 3725 747 3781 coercent
756 3704 940 3790 cupiditates,
950 3696 1077 3788 nullique
1091 3715 1187 3774 saveirt
1201 3710 1280 3783 vitio,

90 3811 135 3869 vel
149 3813 342 3888 superstitioni
354 3815 367 3868 ε’
385 3812 480 3884 Deum
501 3824 594 3871 autem
610 3813 637 3870 in
660 3812 759 3887 spiritu
774 3824 802 3868 et
816 3812 929 3873 veritate
952 3796 1105 3888 predicant
1118 3814 1280 3874 colendum.

89 3908 231 3970 Preterea
244 3929 287 3968 -ex
312 3910 511 3979 Ethnicis·vel
531 3930 567 3968 ex
580 3909 699 3968 Judaica
723 3921 810 3975 secta,
821 3908 856 3966 ad
878 3929 955 3968 sacre
977 3910 1141 3975 Christiana
1158 3908 1280 3989 'treducti

89 4009 155 4065 sunt
170 4007 253 4082 primi
246 4005 359 4081 Religi
362 4007 424 4062 mis
437 4006 621 4081 professores,
635 4024 683 4078 qur
676 4004 821 4081 proinde,
833 4024 871 4065 en
881 4005 1072 4064 adversariiss
1058 4007 1122 4064 secti
1134 4002 1279 4086 discipuli,

90 4101 283 4173 testimonium
289 4100 505 4159 validissimum
527 4103 660 4178 prebent,
674 4099 742 4157 dnm
757 4100 843 4157 libros
858 4101 922 4158 illes
937 4110 1094 4179 agnoscunt
1114 4105 1218 4213 quibus
1238 4106 1281 4170 rei

89 4178 577 4257 dhcistinnaesummocontiuetur.
717 4208 721 4214 ’
848 4212 851 4217 ·
1191 4208 1210 4222 ’“

35 4326 38 4331 -
132 4294 197 4375 obj.
213 4301 241 4354 2.
266 4298 338 4353 Ante
359 4296 501 4356 lustinum
517 4295 601 4354 nemo
623 4311 659 4354 etr
680 4295 850 4354 Christianis
871 4298 1054 4375 scriptoribus
1068 4296 1201 4358 noscitur
1221 4288 1281 4358 lau·

469 4487 615 4549 (lr'Euseb‘.
626 4488 642 4536 1.
655 4488 669 4535 n
681 4488 743 4547 hist,
756 4487 825 4540 Eccl.
834 4505 855 4541 c.
868 4489 907 4538 35.
928 4464 932 4471 ⁵
