<?xml version="1.0" encoding="UTF-8"?>
<!DOCTYPE html PUBLIC "-//W3C//DTD XHTML 1.0 Transitional//EN"
    "http://www.w3.org/TR/xhtml1/DTD/xhtml1-transitional.dtd">
<html xmlns="http://www.w3.org/1999/xhtml" xml:lang="en" lang="en">
 <head>
  <title>
</title>
<meta http-equiv="Content-Type" content="text/html;charset=utf-8" />
  <meta name='ocr-system' content='tesseract 3.04.00' />
  <meta name='ocr-capabilities' content='ocr_page ocr_carea ocr_par ocr_line ocrx_word'/>
</head>
<body>
  <div class='ocr_page' id='page_1' title='image "./theologidogmati00kenrgoog_0199.png"; bbox 0 0 2768 5032; ppageno 0'>
   <div class='ocr_carea' id='block_1_1' title="bbox 75 98 120 149">
    <p class='ocr_par' dir='ltr' id='par_1_1' title="bbox 75 98 120 149">
     <span class='ocr_line' id='line_1_1' title="bbox 75 98 120 149; baseline 0 -34"><span class='ocrx_word' id='word_1_1' title='bbox 75 98 120 149; x_wconf 35' lang='grc' dir='ltr'>σε’</span> 
     </span>
    </p>
   </div>
   <div class='ocr_carea' id='block_1_2' title="bbox 117 248 958 310">
    <p class='ocr_par' dir='ltr' id='par_1_2' title="bbox 117 248 958 310">
     <span class='ocr_line' id='line_1_2' title="bbox 117 248 958 310; baseline 0.001 -2"><span class='ocrx_word' id='word_1_2' title='bbox 117 253 173 308; x_wconf 77' lang='lat'>182</span> <span class='ocrx_word' id='word_1_3' title='bbox 453 248 507 310; x_wconf 89' lang='lat' dir='ltr'>DE</span> <span class='ocrx_word' id='word_1_4' title='bbox 531 248 729 307; x_wconf 80' lang='lat' dir='ltr'>UNITATIS</span> <span class='ocrx_word' id='word_1_5' title='bbox 750 249 958 309; x_wconf 80' lang='lat' dir='ltr'>DEFEG&#39;I‘U.</span> 
     </span>
    </p>
   </div>
   <div class='ocr_carea' id='block_1_3' title="bbox 113 405 1378 676">
    <p class='ocr_par' dir='ltr' id='par_1_3' title="bbox 113 405 1378 676">
     <span class='ocr_line' id='line_1_3' title="bbox 114 405 1302 486; baseline -0.003 -20"><span class='ocrx_word' id='word_1_6' title='bbox 114 408 222 467; x_wconf 79' lang='lat' dir='ltr'><strong>infelici</strong></span> <span class='ocrx_word' id='word_1_7' title='bbox 236 429 370 468; x_wconf 88' lang='lat' dir='ltr'>successu</span> <span class='ocrx_word' id='word_1_8' title='bbox 385 409 569 486; x_wconf 82' lang='lat' dir='ltr'>saepesaepius</span> <span class='ocrx_word' id='word_1_9' title='bbox 582 408 715 466; x_wconf 78' lang='lat' dir='ltr'>tentarint</span> <span class='ocrx_word' id='word_1_10' title='bbox 728 418 812 467; x_wconf 75' lang='lat' dir='ltr'>sectae</span> <span class='ocrx_word' id='word_1_11' title='bbox 833 409 1057 466; x_wconf 84' lang='lat' dir='ltr'>Lutheranorum</span> <span class='ocrx_word' id='word_1_12' title='bbox 1072 416 1101 465; x_wconf 92' lang='lat' dir='ltr'>et</span> <span class='ocrx_word' id='word_1_13' title='bbox 1121 405 1302 465; x_wconf 85' lang='lat' dir='ltr'>Reformato-</span> 
     </span>
     <span class='ocr_line' id='line_1_4' title="bbox 113 504 1300 580; baseline -0.005 -16"><span class='ocrx_word' id='word_1_14' title='bbox 113 525 177 564; x_wconf 89' lang='lat' dir='ltr'>rum</span> <span class='ocrx_word' id='word_1_15' title='bbox 190 507 352 565; x_wconf 82' lang='lat' dir='ltr'>societatem</span> <span class='ocrx_word' id='word_1_16' title='bbox 376 507 447 567; x_wconf 87' lang='lat' dir='ltr'>inter</span> <span class='ocrx_word' id='word_1_17' title='bbox 460 525 491 563; x_wconf 88' lang='lat' dir='ltr'>se</span> <span class='ocrx_word' id='word_1_18' title='bbox 505 505 587 572; x_wconf 87' lang='lat' dir='ltr'>inire,</span> <span class='ocrx_word' id='word_1_19' title='bbox 601 514 630 561; x_wconf 91' lang='lat' dir='ltr'>et</span> <span class='ocrx_word' id='word_1_20' title='bbox 643 523 699 576; x_wconf 89' lang='lat' dir='ltr'>qua</span> <span class='ocrx_word' id='word_1_21' title='bbox 712 515 769 562; x_wconf 84' lang='lat' dir='ltr'>arte</span> <span class='ocrx_word' id='word_1_22' title='bbox 783 504 875 563; x_wconf 84' lang='lat' dir='ltr'>verbis</span> <span class='ocrx_word' id='word_1_23' title='bbox 884 504 1032 580; x_wconf 84' lang='lat' dir='ltr'>ambiguis</span> <span class='ocrx_word' id='word_1_24' title='bbox 1047 504 1092 560; x_wconf 88' lang='lat' dir='ltr'>usi</span> <span class='ocrx_word' id='word_1_25' title='bbox 1106 504 1172 568; x_wconf 88' lang='lat' dir='ltr'>sint,</span> <span class='ocrx_word' id='word_1_26' title='bbox 1187 510 1219 558; x_wconf 94' lang='lat' dir='ltr'>ut</span> <span class='ocrx_word' id='word_1_27' title='bbox 1232 519 1300 558; x_wconf 88' lang='lat' dir='ltr'>sen·</span> 
     </span>
     <span class='ocr_line' id='line_1_5' title="bbox 114 594 1378 676; baseline -0.003 -17"><span class='ocrx_word' id='word_1_28' title='bbox 114 603 262 661; x_wconf 77' lang='lat' dir='ltr'>tertianam</span> <span class='ocrx_word' id='word_1_29' title='bbox 277 602 399 662; x_wconf 79' lang='lat' dir='ltr'>celarent</span> <span class='ocrx_word' id='word_1_30' title='bbox 410 602 574 669; x_wconf 87' lang='lat' dir='ltr'>divortium,</span> <span class='ocrx_word' id='word_1_31' title='bbox 589 620 626 658; x_wconf 85' lang='lat' dir='ltr'>ex</span> <span class='ocrx_word' id='word_1_32' title='bbox 639 598 758 658; x_wconf 86' lang='lat' dir='ltr'>laudetis</span> <span class='ocrx_word' id='word_1_33' title='bbox 773 601 1054 665; x_wconf 74' lang='lat' dir='ltr'>auctoribusdiscere</span> <span class='ocrx_word' id='word_1_34' title='bbox 1069 600 1135 673; x_wconf 87' lang='lat' dir='ltr'>quis</span> <span class='ocrx_word' id='word_1_35' title='bbox 1148 598 1261 676; x_wconf 91' lang='lat' dir='ltr'>poterit.</span> <span class='ocrx_word' id='word_1_36' title='bbox 1375 594 1378 599; x_wconf 62' lang='lat'>‘</span> 
     </span>
    </p>
   </div>
   <div class='ocr_carea' id='block_1_4' title="bbox 609 797 792 838">
    <p class='ocr_par' dir='ltr' id='par_1_4' title="bbox 609 797 792 838">
     <span class='ocr_line' id='line_1_6' title="bbox 609 797 792 838; baseline -0.011 0"><span class='ocrx_word' id='word_1_37' title='bbox 609 797 792 838; x_wconf 70' lang='lat' dir='ltr'>mommo,</span> 
     </span>
    </p>
   </div>
   <div class='ocr_carea' id='block_1_5' title="bbox 152 928 1297 1023">
    <p class='ocr_par' dir='ltr' id='par_1_5' title="bbox 152 928 1297 1023">
     <span class='ocr_line' id='line_1_7' title="bbox 152 928 1297 1023; baseline -0.003 -33"><span class='ocrx_word' id='word_1_38' title='bbox 152 933 329 1010; x_wconf 90' lang='lat' dir='ltr'>Principium</span> <span class='ocrx_word' id='word_1_39' title='bbox 344 951 401 1005; x_wconf 92' lang='lat' dir='ltr'>quo</span> <span class='ocrx_word' id='word_1_40' title='bbox 420 932 494 1023; x_wconf 85' lang='lat' dir='ltr'>fidei</span> <span class='ocrx_word' id='word_1_41' title='bbox 506 933 598 990; x_wconf 90' lang='lat' dir='ltr'>unitas</span> <span class='ocrx_word' id='word_1_42' title='bbox 612 933 717 990; x_wconf 88' lang='lat' dir='ltr'>servari</span> <span class='ocrx_word' id='word_1_43' title='bbox 738 928 828 1019; x_wconf 82' lang='lat' dir='ltr'>possit</span> <span class='ocrx_word' id='word_1_44' title='bbox 841 931 958 989; x_wconf 90' lang='lat' dir='ltr'>omnino</span> <span class='ocrx_word' id='word_1_45' title='bbox 972 930 1052 989; x_wconf 86' lang='lat' dir='ltr'>deest</span> <span class='ocrx_word' id='word_1_46' title='bbox 1073 929 1297 988; x_wconf 87' lang='lat' dir='ltr'>Protestautium</span> 
     </span>
    </p>
   </div>
   <div class='ocr_carea' id='block_1_6' title="bbox 113 1031 1297 1197">
    <p class='ocr_par' dir='ltr' id='par_1_6' title="bbox 113 1031 1283 1197">
     <span class='ocr_line' id='line_1_8' title="bbox 113 1031 210 1087; baseline -0.012 0"><span class='ocrx_word' id='word_1_47' title='bbox 113 1031 210 1087; x_wconf 89' lang='lat' dir='ltr'>sectis.</span> 
     </span>
     <span class='ocr_line' id='line_1_9' title="bbox 152 1086 1297 1197; baseline -0.003 -16"><span class='ocrx_word' id='word_1_48' title='bbox 152 1123 312 1182; x_wconf 83' lang='lat' dir='ltr'><strong><em>Probatur.</em></strong></span> <span class='ocrx_word' id='word_1_49' title='bbox 335 1123 424 1182; x_wconf 82' lang='lat' dir='ltr'>Deest</span> <span class='ocrx_word' id='word_1_50' title='bbox 437 1124 553 1190; x_wconf 84' lang='lat' dir='ltr'>omnino</span> <span class='ocrx_word' id='word_1_51' title='bbox 568 1123 686 1181; x_wconf 90' lang='lat' dir='ltr'>tribunal</span> <span class='ocrx_word' id='word_1_52' title='bbox 700 1086 828 1196; x_wconf 83' lang='lat' dir='ltr'>aliquod</span> <span class='ocrx_word' id='word_1_53' title='bbox 829 1142 885 1197; x_wconf 93' lang='lat' dir='ltr'>quo</span> <span class='ocrx_word' id='word_1_54' title='bbox 899 1122 1095 1181; x_wconf 75' lang='lat' dir='ltr'>controversiae</span> <span class='ocrx_word' id='word_1_55' title='bbox 1110 1132 1186 1179; x_wconf 86' lang='lat' dir='ltr'>certo</span> <span class='ocrx_word' id='word_1_56' title='bbox 1200 1141 1232 1179; x_wconf 91' lang='lat' dir='ltr'>ac</span> <span class='ocrx_word' id='word_1_57' title='bbox 1247 1106 1297 1178; x_wconf 86' lang='lat' dir='ltr'>su·</span> 
     </span>
    </p>
   </div>
   <div class='ocr_carea' id='block_1_7' title="bbox 112 1212 1304 1591">
    <p class='ocr_par' dir='ltr' id='par_1_7' title="bbox 112 1212 1304 1591">
     <span class='ocr_line' id='line_1_10' title="bbox 113 1212 1296 1298; baseline -0.005 -19"><span class='ocrx_word' id='word_1_58' title='bbox 113 1240 213 1298; x_wconf 87' lang='lat' dir='ltr'>premo</span> <span class='ocrx_word' id='word_1_59' title='bbox 234 1221 344 1298; x_wconf 83' lang='lat' dir='ltr'>J&#39;udicio</span> <span class='ocrx_word' id='word_1_60' title='bbox 364 1212 539 1278; x_wconf 90' lang='lat' dir='ltr'>dirimantur</span> <span class='ocrx_word' id='word_1_61' title='bbox 580 1218 728 1296; x_wconf 79' lang='lat' dir='ltr'>Anglicaui</span> <span class='ocrx_word' id='word_1_62' title='bbox 749 1217 864 1292; x_wconf 88' lang='lat' dir='ltr'>quidem</span> <span class='ocrx_word' id='word_1_63' title='bbox 884 1218 980 1277; x_wconf 88' lang='lat' dir='ltr'>dicunt</span> <span class='ocrx_word' id='word_1_64' title='bbox 1000 1217 1183 1276; x_wconf 81' lang='lat' dir='ltr'>Ecclesiam</span> <span class='ocrx_word' id='word_1_65' title='bbox 1174 1234 1204 1274; x_wconf 90' lang='grc' dir='ltr'>ιιι</span> <span class='ocrx_word' id='word_1_66' title='bbox 1223 1216 1296 1274; x_wconf 88' lang='lat' dir='ltr'>fidei</span> 
     </span>
     <span class='ocr_line' id='line_1_11' title="bbox 113 1312 1298 1391; baseline -0.005 -15"><span class='ocrx_word' id='word_1_67' title='bbox 113 1314 312 1376; x_wconf 79' lang='lat' dir='ltr'>controversiis</span> <span class='ocrx_word' id='word_1_68' title='bbox 333 1317 435 1374; x_wconf 86' lang='lat' dir='ltr'>habere</span> <span class='ocrx_word' id='word_1_69' title='bbox 450 1316 668 1385; x_wconf 82' lang='lat' dir='ltr'>auctoritatem‚²</span> <span class='ocrx_word' id='word_1_70' title='bbox 682 1325 767 1389; x_wconf 86' lang='lat' dir='ltr'>quam</span> <span class='ocrx_word' id='word_1_71' title='bbox 782 1327 948 1373; x_wconf 89' lang='lat' dir='ltr'>tamennon</span> <span class='ocrx_word' id='word_1_72' title='bbox 962 1313 1227 1391; x_wconf 82' lang='lat' dir='ltr'>audentexplicare‚</span> <span class='ocrx_word' id='word_1_73' title='bbox 1242 1312 1298 1370; x_wconf 85' lang='lat' dir='ltr'>sed</span> 
     </span>
     <span class='ocr_line' id='line_1_12' title="bbox 113 1409 1294 1495; baseline -0.003 -25"><span class='ocrx_word' id='word_1_74' title='bbox 113 1413 208 1489; x_wconf 87' lang='lat' dir='ltr'>potius</span> <span class='ocrx_word' id='word_1_75' title='bbox 222 1421 364 1470; x_wconf 85' lang='lat' dir='ltr'>evertunt:</span> <span class='ocrx_word' id='word_1_76' title='bbox 387 1409 492 1469; x_wconf 92' lang='lat' dir='ltr'>addunt</span> <span class='ocrx_word' id='word_1_77' title='bbox 504 1411 619 1495; x_wconf 85' lang='lat' dir='ltr'>scilicet</span> <span class='ocrx_word' id='word_1_78' title='bbox 638 1410 665 1468; x_wconf 74' lang='lat' dir='ltr'>&#39;ei</span> <span class='ocrx_word' id='word_1_79' title='bbox 685 1430 742 1469; x_wconf 91' lang='lat' dir='ltr'>non</span> <span class='ocrx_word' id='word_1_80' title='bbox 761 1410 845 1469; x_wconf 90' lang='lat' dir='ltr'>licere</span> <span class='ocrx_word' id='word_1_81' title='bbox 865 1409 970 1483; x_wconf 87' lang='lat' dir='ltr'>aliquid</span> <span class='ocrx_word' id='word_1_82' title='bbox 990 1421 1086 1467; x_wconf 84' lang='lat' dir='ltr'>contra</span> <span class='ocrx_word' id='word_1_83' title='bbox 1106 1409 1162 1467; x_wconf 92' lang='lat' dir='ltr'>Dei</span> <span class='ocrx_word' id='word_1_84' title='bbox 1176 1409 1294 1467; x_wconf 86' lang='lat' dir='ltr'>verbum</span> 
     </span>
     <span class='ocr_line' id='line_1_13' title="bbox 112 1506 1304 1591; baseline -0.003 -24"><span class='ocrx_word' id='word_1_85' title='bbox 112 1512 248 1591; x_wconf 87' lang='lat' dir='ltr'>scriptum</span> <span class='ocrx_word' id='word_1_86' title='bbox 263 1509 421 1575; x_wconf 80' lang='lat' dir='ltr'>decernere,</span> <span class='ocrx_word' id='word_1_87' title='bbox 432 1509 476 1565; x_wconf 89' lang='lat' dir='ltr'>vel</span> <span class='ocrx_word' id='word_1_88' title='bbox 490 1527 577 1567; x_wconf 90' lang='lat' dir='ltr'>unum</span> <span class='ocrx_word' id='word_1_89' title='bbox 593 1508 743 1586; x_wconf 82' lang='lat' dir='ltr'>Scripturas</span> <span class='ocrx_word' id='word_1_90' title='bbox 759 1508 948 1566; x_wconf 88' lang='lat' dir='ltr'>testimonium</span> <span class='ocrx_word' id='word_1_91' title='bbox 963 1508 1001 1564; x_wconf 87' lang='lat' dir='ltr'>ita</span> <span class='ocrx_word' id='word_1_92' title='bbox 1014 1507 1157 1584; x_wconf 86' lang='lat' dir='ltr'>explicare</span> <span class='ocrx_word' id='word_1_93' title='bbox 1167 1517 1201 1564; x_wconf 84' lang='lat' dir='ltr'>ut</span> <span class='ocrx_word' id='word_1_94' title='bbox 1212 1506 1304 1564; x_wconf 87' lang='lat' dir='ltr'>alteri·</span> 
     </span>
    </p>
   </div>
   <div class='ocr_carea' id='block_1_8' title="bbox 29 1600 1294 1684">
    <p class='ocr_par' dir='ltr' id='par_1_8' title="bbox 29 1600 1294 1684">
     <span class='ocr_line' id='line_1_14' title="bbox 29 1600 1294 1684; baseline -0.003 -20"><span class='ocrx_word' id='word_1_95' title='bbox 29 1608 32 1613; x_wconf 85' lang='lat'>&#39;</span> <span class='ocrx_word' id='word_1_96' title='bbox 111 1617 259 1684; x_wconf 83' lang='lat' dir='ltr'>repugnet,</span> <span class='ocrx_word' id='word_1_97' title='bbox 275 1605 319 1663; x_wconf 89' lang='lat' dir='ltr'>vel</span> <span class='ocrx_word' id='word_1_98' title='bbox 333 1604 440 1678; x_wconf 87' lang='lat' dir='ltr'>aliquid</span> <span class='ocrx_word' id='word_1_99' title='bbox 460 1616 561 1681; x_wconf 85' lang='lat' dir='ltr'>praeter</span> <span class='ocrx_word' id='word_1_100' title='bbox 570 1604 740 1683; x_wconf 74' lang='lat' dir='ltr'>¹scripturam</span> <span class='ocrx_word' id='word_1_101' title='bbox 754 1614 896 1677; x_wconf 89' lang='lat' dir='ltr'>tamquam</span> <span class='ocrx_word' id='word_1_102' title='bbox 911 1600 1084 1661; x_wconf 80' lang='lat' dir='ltr'>adsalutem</span> <span class='ocrx_word' id='word_1_103' title='bbox 1099 1603 1294 1683; x_wconf 83' lang='lat' dir='ltr'>necessarium</span> 
     </span>
    </p>
   </div>
   <div class='ocr_carea' id='block_1_9' title="bbox 113 1698 1296 1780">
    <p class='ocr_par' dir='ltr' id='par_1_9' title="bbox 113 1698 1296 1780">
     <span class='ocr_line' id='line_1_15' title="bbox 113 1698 1296 1780; baseline -0.004 -20"><span class='ocrx_word' id='word_1_104' title='bbox 113 1720 270 1780; x_wconf 87' lang='lat' dir='ltr'>proponere</span> <span class='ocrx_word' id='word_1_105' title='bbox 291 1700 471 1759; x_wconf 89' lang='lat' dir='ltr'>credendum.</span> <span class='ocrx_word' id='word_1_106' title='bbox 514 1701 587 1767; x_wconf 83' lang='lat' dir='ltr'>Quis</span> <span class='ocrx_word' id='word_1_107' title='bbox 608 1711 700 1758; x_wconf 85' lang='lat' dir='ltr'>autem</span> <span class='ocrx_word' id='word_1_108' title='bbox 722 1709 799 1758; x_wconf 85' lang='lat' dir='ltr'>certo</span> <span class='ocrx_word' id='word_1_109' title='bbox 815 1699 954 1776; x_wconf 87' lang='lat' dir='ltr'>judicabit</span> <span class='ocrx_word' id='word_1_110' title='bbox 973 1698 1133 1757; x_wconf 82' lang='lat' dir='ltr'>Ecclesiam</span> <span class='ocrx_word' id='word_1_111' title='bbox 1154 1718 1188 1756; x_wconf 87' lang='lat' dir='ltr'>ea</span> <span class='ocrx_word' id='word_1_112' title='bbox 1209 1717 1296 1772; x_wconf 86' lang='lat' dir='ltr'>quam</span> 
     </span>
    </p>
   </div>
   <div class='ocr_carea' id='block_1_10' title="bbox 63 1797 1299 1875">
    <p class='ocr_par' dir='ltr' id='par_1_10' title="bbox 63 1797 1299 1875">
     <span class='ocr_line' id='line_1_16' title="bbox 63 1797 1299 1875; baseline -0.005 -16"><span class='ocrx_word' id='word_1_113' title='bbox 63 1826 67 1833; x_wconf 63' lang='lat'>=</span> <span class='ocrx_word' id='word_1_114' title='bbox 113 1801 217 1859; x_wconf 88' lang='lat' dir='ltr'>habere</span> <span class='ocrx_word' id='word_1_115' title='bbox 238 1799 368 1858; x_wconf 85' lang='lat' dir='ltr'>dicitur</span> <span class='ocrx_word' id='word_1_116' title='bbox 361 1819 390 1856; x_wconf 89' lang='grc' dir='ltr'>ιιι</span> <span class='ocrx_word' id='word_1_117' title='bbox 411 1799 478 1859; x_wconf 88' lang='lat' dir='ltr'>fidei</span> <span class='ocrx_word' id='word_1_118' title='bbox 499 1799 699 1856; x_wconf 88' lang='lat' dir='ltr'>controversiis</span> <span class='ocrx_word' id='word_1_119' title='bbox 720 1798 882 1856; x_wconf 87' lang='lat' dir='ltr'>auctoritate</span> <span class='ocrx_word' id='word_1_120' title='bbox 900 1815 959 1854; x_wconf 90' lang='lat' dir='ltr'>non</span> <span class='ocrx_word' id='word_1_121' title='bbox 972 1815 1035 1854; x_wconf 87' lang='lat' dir='ltr'>esse</span> <span class='ocrx_word' id='word_1_122' title='bbox 1053 1798 1192 1855; x_wconf 71' lang='lat' dir='ltr'>abusam?</span> <span class='ocrx_word' id='word_1_123' title='bbox 1213 1797 1299 1875; x_wconf 88' lang='lat' dir='ltr'>cujus</span> 
     </span>
    </p>
   </div>
   <div class='ocr_carea' id='block_1_11' title="bbox 111 1893 1296 2164">
    <p class='ocr_par' dir='ltr' id='par_1_11' title="bbox 111 1893 1296 2164">
     <span class='ocr_line' id='line_1_17' title="bbox 112 1893 1296 1985; baseline -0.004 -30"><span class='ocrx_word' id='word_1_124' title='bbox 112 1899 166 1955; x_wconf 92' lang='lat' dir='ltr'>erit</span> <span class='ocrx_word' id='word_1_125' title='bbox 175 1897 343 1974; x_wconf 84' lang='lat' dir='ltr'>dignoscere</span> <span class='ocrx_word' id='word_1_126' title='bbox 358 1907 450 1954; x_wconf 88' lang='lat' dir='ltr'>utrum</span> <span class='ocrx_word' id='word_1_127' title='bbox 465 1897 526 1973; x_wconf 84' lang='lat' dir='ltr'>ejus</span> <span class='ocrx_word' id='word_1_128' title='bbox 541 1894 652 1952; x_wconf 86' lang='lat' dir='ltr'>decreta</span> <span class='ocrx_word' id='word_1_129' title='bbox 665 1902 823 1971; x_wconf 85' lang='lat' dir='ltr'>repugnent</span> <span class='ocrx_word' id='word_1_130' title='bbox 833 1895 997 1985; x_wconf 77' lang='lat' dir='ltr'>scripturisl</span> <span class='ocrx_word' id='word_1_131' title='bbox 1012 1903 1105 1952; x_wconf 90' lang='lat' dir='ltr'>utrum</span> <span class='ocrx_word' id='word_1_132' title='bbox 1117 1894 1189 1951; x_wconf 89' lang='lat' dir='ltr'>male</span> <span class='ocrx_word' id='word_1_133' title='bbox 1204 1893 1296 1970; x_wconf 84' lang='lat' dir='ltr'>expli·</span> 
     </span>
     <span class='ocr_line' id='line_1_18' title="bbox 112 1980 1296 2069; baseline -0.005 -17"><span class='ocrx_word' id='word_1_134' title='bbox 112 1994 202 2052; x_wconf 88' lang='lat' dir='ltr'>cuerit</span> <span class='ocrx_word' id='word_1_135' title='bbox 211 2003 318 2051; x_wconf 89' lang='lat' dir='ltr'>textum</span> <span class='ocrx_word' id='word_1_136' title='bbox 327 1992 461 2069; x_wconf 77' lang='lat' dir='ltr'>aliquem,</span> <span class='ocrx_word' id='word_1_137' title='bbox 473 1980 712 2051; x_wconf 85' lang='lat' dir='ltr'>conciliandorum</span> <span class='ocrx_word' id='word_1_138' title='bbox 724 1989 843 2069; x_wconf 83' lang='lat' dir='ltr'>duorum</span> <span class='ocrx_word' id='word_1_139' title='bbox 853 1980 1077 2049; x_wconf 83' lang='lat' dir='ltr'>testimoniorum</span> <span class='ocrx_word' id='word_1_140' title='bbox 1088 1991 1184 2066; x_wconf 88' lang='lat' dir='ltr'>specie</span> <span class='ocrx_word' id='word_1_141' title='bbox 1193 2008 1296 2069; x_wconf 85' lang='lat' dir='ltr'>repug-</span> 
     </span>
     <span class='ocr_line' id='line_1_19' title="bbox 111 2062 1293 2164; baseline -0.005 -13"><span class='ocrx_word' id='word_1_142' title='bbox 111 2093 238 2151; x_wconf 87' lang='lat' dir='ltr'>nantium</span> <span class='ocrx_word' id='word_1_143' title='bbox 253 2090 328 2148; x_wconf 89' lang='lat' dir='ltr'>haud</span> <span class='ocrx_word' id='word_1_144' title='bbox 341 2089 479 2148; x_wconf 87' lang='lat' dir='ltr'>feliciter</span> <span class='ocrx_word' id='word_1_145' title='bbox 472 2089 540 2146; x_wconf 87' lang='lat' dir='ltr'>mita</span> <span class='ocrx_word' id='word_1_146' title='bbox 550 2089 677 2147; x_wconf 77' lang='lat' dir='ltr'>rational</span> <span class='ocrx_word' id='word_1_147' title='bbox 692 2101 784 2147; x_wconf 90' lang='lat' dir='ltr'>utrum</span> <span class='ocrx_word' id='word_1_148' title='bbox 799 2062 905 2160; x_wconf 84' lang='lat' dir='ltr'>aliquid</span> <span class='ocrx_word' id='word_1_149' title='bbox 916 2086 1087 2163; x_wconf 83' lang='lat' dir='ltr'>credendum</span> <span class='ocrx_word' id='word_1_150' title='bbox 1103 2088 1293 2164; x_wconf 82' lang='lat' dir='ltr'>proposuerit,</span> 
     </span>
    </p>
   </div>
   <div class='ocr_carea' id='block_1_12' title="bbox 78 2176 1296 2271">
    <p class='ocr_par' dir='ltr' id='par_1_12' title="bbox 78 2176 1296 2271">
     <span class='ocr_line' id='line_1_20' title="bbox 78 2176 1296 2271; baseline -0.005 -23"><span class='ocrx_word' id='word_1_151' title='bbox 78 2255 82 2260; x_wconf 50' lang='grc'><strong>,</strong></span> <span class='ocrx_word' id='word_1_152' title='bbox 111 2200 253 2262; x_wconf 89' lang='lat' dir='ltr'>tamquam</span> <span class='ocrx_word' id='word_1_153' title='bbox 268 2187 304 2245; x_wconf 89' lang='lat' dir='ltr'>ad</span> <span class='ocrx_word' id='word_1_154' title='bbox 317 2187 443 2244; x_wconf 88' lang='lat' dir='ltr'>Salutem</span> <span class='ocrx_word' id='word_1_155' title='bbox 459 2176 659 2254; x_wconf 79' lang='lat' dir='ltr'>necessarium,</span> <span class='ocrx_word' id='word_1_156' title='bbox 671 2186 747 2260; x_wconf 92' lang='lat' dir='ltr'>quod</span> <span class='ocrx_word' id='word_1_157' title='bbox 761 2186 865 2271; x_wconf 86' lang='lat' dir='ltr'>scripto</span> <span class='ocrx_word' id='word_1_158' title='bbox 877 2186 963 2255; x_wconf 88' lang='lat' dir='ltr'>verbo</span> <span class='ocrx_word' id='word_1_159' title='bbox 974 2205 1031 2243; x_wconf 89' lang='lat' dir='ltr'>non</span> <span class='ocrx_word' id='word_1_160' title='bbox 1043 2185 1223 2265; x_wconf 70' lang='lat' dir='ltr'>continetur!¹</span> <span class='ocrx_word' id='word_1_161' title='bbox 1236 2185 1296 2244; x_wconf 90' lang='lat' dir='ltr'>sin·</span> 
     </span>
    </p>
   </div>
   <div class='ocr_carea' id='block_1_13' title="bbox 108 2283 1295 3343">
    <p class='ocr_par' dir='ltr' id='par_1_13' title="bbox 110 2283 1295 2459">
     <span class='ocr_line' id='line_1_21' title="bbox 111 2283 1295 2367; baseline -0.003 -22"><span class='ocrx_word' id='word_1_162' title='bbox 111 2289 243 2363; x_wconf 84' lang='lat' dir='ltr'>gulorum</span> <span class='ocrx_word' id='word_1_163' title='bbox 265 2286 303 2367; x_wconf 80' lang='lat' dir='ltr'>sit</span> <span class='ocrx_word' id='word_1_164' title='bbox 317 2284 372 2342; x_wconf 92' lang='lat' dir='ltr'>hoc</span> <span class='ocrx_word' id='word_1_165' title='bbox 382 2283 523 2367; x_wconf 84' lang='lat' dir='ltr'>judicium</span> <span class='ocrx_word' id='word_1_166' title='bbox 537 2294 654 2341; x_wconf 87' lang='lat' dir='ltr'>necesse</span> <span class='ocrx_word' id='word_1_167' title='bbox 668 2295 721 2352; x_wconf 87' lang='lat' dir='ltr'>est,</span> <span class='ocrx_word' id='word_1_168' title='bbox 737 2294 907 2360; x_wconf 82' lang='lat' dir='ltr'>quapropter</span> <span class='ocrx_word' id='word_1_169' title='bbox 920 2283 968 2341; x_wconf 88' lang='lat' dir='ltr'>illa</span> <span class='ocrx_word' id='word_1_170' title='bbox 980 2283 1128 2365; x_wconf 74' lang='lat' dir='ltr'>Ecclesiae</span> <span class='ocrx_word' id='word_1_171' title='bbox 1143 2283 1295 2361; x_wconf 82' lang='lat' dir='ltr'>auctoritas</span> 
     </span>
     <span class='ocr_line' id='line_1_22' title="bbox 110 2370 875 2459; baseline 0 -20"><span class='ocrx_word' id='word_1_172' title='bbox 110 2385 221 2442; x_wconf 85' lang='lat' dir='ltr'>vacillat</span> <span class='ocrx_word' id='word_1_173' title='bbox 233 2395 263 2440; x_wconf 87' lang='lat' dir='ltr'>et</span> <span class='ocrx_word' id='word_1_174' title='bbox 276 2384 341 2451; x_wconf 87' lang='lat' dir='ltr'>ruit,</span> <span class='ocrx_word' id='word_1_175' title='bbox 356 2384 465 2459; x_wconf 89' lang='lat' dir='ltr'>privato</span> <span class='ocrx_word' id='word_1_176' title='bbox 475 2382 584 2459; x_wconf 86' lang='lat' dir='ltr'>judicio</span> <span class='ocrx_word' id='word_1_177' title='bbox 599 2382 811 2457; x_wconf 83' lang='lat' dir='ltr'>substernenda.</span> <span class='ocrx_word' id='word_1_178' title='bbox 872 2370 875 2377; x_wconf 43' lang='lat'>¹</span> 
     </span>
    </p>

    <p class='ocr_par' dir='ltr' id='par_1_14' title="bbox 108 2461 1294 3041">
     <span class='ocr_line' id='line_1_23' title="bbox 149 2461 1294 2558; baseline 0.001 -20"><span class='ocrx_word' id='word_1_179' title='bbox 149 2480 359 2556; x_wconf 83' lang='lat' dir='ltr'>Presbyteriani</span> <span class='ocrx_word' id='word_1_180' title='bbox 374 2480 403 2536; x_wconf 92' lang='lat' dir='ltr'>in</span> <span class='ocrx_word' id='word_1_181' title='bbox 417 2480 539 2536; x_wconf 88' lang='lat' dir='ltr'>comitiis</span> <span class='ocrx_word' id='word_1_182' title='bbox 553 2480 613 2537; x_wconf 90' lang='lat' dir='ltr'>suis</span> <span class='ocrx_word' id='word_1_183' title='bbox 627 2461 804 2556; x_wconf 76' lang='lat' dir='ltr'>generalibus</span> <span class='ocrx_word' id='word_1_184' title='bbox 819 2491 975 2558; x_wconf 83' lang='lat' dir='ltr'>agnoscunt</span> <span class='ocrx_word' id='word_1_185' title='bbox 989 2470 1155 2558; x_wconf 86' lang='lat' dir='ltr'>potestatem</span> <span class='ocrx_word' id='word_1_186' title='bbox 1169 2500 1181 2557; x_wconf 91' lang='lat' dir='ltr'>J</span> <span class='ocrx_word' id='word_1_187' title='bbox 1187 2480 1294 2539; x_wconf 88' lang='lat' dir='ltr'>udicia-</span> 
     </span>
     <span class='ocr_line' id='line_1_24' title="bbox 111 2574 1293 2658; baseline 0.002 -24"><span class='ocrx_word' id='word_1_188' title='bbox 111 2576 182 2634; x_wconf 87' lang='lat' dir='ltr'>riam</span> <span class='ocrx_word' id='word_1_189' title='bbox 195 2579 225 2632; x_wconf 92' lang='lat' dir='ltr'>in</span> <span class='ocrx_word' id='word_1_190' title='bbox 234 2574 367 2632; x_wconf 87' lang='lat' dir='ltr'>doctrinae</span> <span class='ocrx_word' id='word_1_191' title='bbox 379 2575 587 2658; x_wconf 82' lang='lat' dir='ltr'>controversiis,</span> <span class='ocrx_word' id='word_1_192' title='bbox 598 2575 648 2655; x_wconf 80' lang='lat' dir='ltr'>sed</span> <span class='ocrx_word' id='word_1_193' title='bbox 657 2595 721 2645; x_wconf 85' lang='lat' dir='ltr'>earu¹</span> <span class='ocrx_word' id='word_1_194' title='bbox 729 2576 901 2634; x_wconf 87' lang='lat' dir='ltr'>contendunt</span> <span class='ocrx_word' id='word_1_195' title='bbox 909 2596 972 2634; x_wconf 88' lang='lat' dir='ltr'>esse</span> <span class='ocrx_word' id='word_1_196' title='bbox 984 2581 1060 2635; x_wconf 67' lang='lat' dir='ltr'>meri</span> <span class='ocrx_word' id='word_1_197' title='bbox 1071 2576 1293 2645; x_wconf 70' lang='lat' dir='ltr'>declamandum,</span> 
     </span>
     <span class='ocr_line' id='line_1_25' title="bbox 111 2673 1293 2751; baseline 0 -19"><span class='ocrx_word' id='word_1_198' title='bbox 111 2674 182 2732; x_wconf 90' lang='lat' dir='ltr'>adeo</span> <span class='ocrx_word' id='word_1_199' title='bbox 203 2683 234 2731; x_wconf 92' lang='lat' dir='ltr'>ut</span> <span class='ocrx_word' id='word_1_200' title='bbox 247 2685 351 2730; x_wconf 84' lang='lat' dir='ltr'>sanctae</span> <span class='ocrx_word' id='word_1_201' title='bbox 374 2673 518 2748; x_wconf 77' lang='lat' dir='ltr'>scripturae</span> <span class='ocrx_word' id='word_1_202' title='bbox 538 2673 596 2731; x_wconf 89' lang='lat' dir='ltr'>sint</span> <span class='ocrx_word' id='word_1_203' title='bbox 615 2674 698 2732; x_wconf 89' lang='lat' dir='ltr'>unica</span> <span class='ocrx_word' id='word_1_204' title='bbox 718 2674 813 2751; x_wconf 88' lang='lat' dir='ltr'>regula</span> <span class='ocrx_word' id='word_1_205' title='bbox 832 2674 946 2732; x_wconf 83' lang='lat' dir='ltr'>lidel&#39;et</span> <span class='ocrx_word' id='word_1_206' title='bbox 960 2674 1095 2733; x_wconf 59' lang='lat' dir='ltr'>morunrj⁹</span> <span class='ocrx_word' id='word_1_207' title='bbox 1134 2674 1293 2732; x_wconf 86' lang='lat' dir='ltr'>Destruunt</span> 
     </span>
     <span class='ocr_line' id='line_1_26' title="bbox 110 2769 1288 2848; baseline -0.003 -17"><span class='ocrx_word' id='word_1_208' title='bbox 110 2772 259 2831; x_wconf 81' lang='lat' dir='ltr'>manifesto</span> <span class='ocrx_word' id='word_1_209' title='bbox 274 2770 350 2844; x_wconf 93' lang='lat' dir='ltr'>quod</span> <span class='ocrx_word' id='word_1_210' title='bbox 363 2769 511 2837; x_wconf 77' lang='lat' dir='ltr'>edificant,</span> <span class='ocrx_word' id='word_1_211' title='bbox 527 2769 594 2828; x_wconf 92' lang='lat' dir='ltr'>dum</span> <span class='ocrx_word' id='word_1_212' title='bbox 609 2789 731 2829; x_wconf 88' lang='lat' dir='ltr'>errorem</span> <span class='ocrx_word' id='word_1_213' title='bbox 746 2772 862 2829; x_wconf 83' lang='lat' dir='ltr'>subesse</span> <span class='ocrx_word' id='word_1_214' title='bbox 883 2790 968 2848; x_wconf 88' lang='lat' dir='ltr'>posse</span> <span class='ocrx_word' id='word_1_215' title='bbox 990 2771 1154 2848; x_wconf 91' lang='lat' dir='ltr'>hujusmodi</span> <span class='ocrx_word' id='word_1_216' title='bbox 1171 2770 1288 2848; x_wconf 83' lang='lat' dir='ltr'>judiciis</span> 
     </span>
     <span class='ocr_line' id='line_1_27' title="bbox 109 2867 1290 2948; baseline -0.003 -19"><span class='ocrx_word' id='word_1_217' title='bbox 109 2869 185 2929; x_wconf 91' lang='lat' dir='ltr'>haud</span> <span class='ocrx_word' id='word_1_218' title='bbox 205 2879 353 2948; x_wconf 84' lang='lat' dir='ltr'>gravantur</span> <span class='ocrx_word' id='word_1_219' title='bbox 367 2868 455 2926; x_wconf 83' lang='lat' dir='ltr'>lateri.</span> <span class='ocrx_word' id='word_1_220' title='bbox 496 2867 586 2927; x_wconf 88' lang='lat' dir='ltr'>Deest</span> <span class='ocrx_word' id='word_1_221' title='bbox 599 2869 683 2945; x_wconf 86' lang='lat' dir='ltr'>igitur</span> <span class='ocrx_word' id='word_1_222' title='bbox 698 2869 809 2927; x_wconf 86' lang='lat' dir='ltr'>unitatis</span> <span class='ocrx_word' id='word_1_223' title='bbox 830 2869 1011 2946; x_wconf 87' lang='lat' dir='ltr'>principium,</span> <span class='ocrx_word' id='word_1_224' title='bbox 1026 2869 1135 2927; x_wconf 90' lang='lat' dir='ltr'>nullum</span> <span class='ocrx_word' id='word_1_225' title='bbox 1154 2869 1232 2941; x_wconf 80' lang='lat' dir='ltr'>enim</span> <span class='ocrx_word' id='word_1_226' title='bbox 1245 2878 1290 2931; x_wconf 79' lang='lat' dir='ltr'>est</span> 
     </span>
     <span class='ocr_line' id='line_1_28' title="bbox 108 2949 1265 3041; baseline 0 -19"><span class='ocrx_word' id='word_1_227' title='bbox 108 2967 228 3022; x_wconf 90' lang='lat' dir='ltr'>tribunal</span> <span class='ocrx_word' id='word_1_228' title='bbox 242 2984 299 3037; x_wconf 94' lang='lat' dir='ltr'>quo</span> <span class='ocrx_word' id='word_1_229' title='bbox 313 2963 438 3022; x_wconf 90' lang='lat' dir='ltr'>doctrina</span> <span class='ocrx_word' id='word_1_230' title='bbox 452 2975 527 3022; x_wconf 89' lang='lat' dir='ltr'>certo</span> <span class='ocrx_word' id='word_1_231' title='bbox 542 2963 689 3041; x_wconf 85' lang='lat' dir='ltr'>dijudicari</span> <span class='ocrx_word' id='word_1_232' title='bbox 705 2966 801 3023; x_wconf 89' lang='lat' dir='ltr'>valeat.</span> <span class='ocrx_word' id='word_1_233' title='bbox 1086 2949 1089 2953; x_wconf 24' lang='lat'><strong>¹</strong></span> <span class='ocrx_word' id='word_1_234' title='bbox 1261 2956 1265 2961; x_wconf 57' lang='grc'><strong>’</strong></span> 
     </span>
    </p>

    <p class='ocr_par' dir='ltr' id='par_1_15' title="bbox 110 3044 1289 3239">
     <span class='ocr_line' id='line_1_29' title="bbox 148 3044 1289 3139; baseline 0.001 -17"><span class='ocrx_word' id='word_1_235' title='bbox 148 3066 193 3123; x_wconf 84' lang='lat' dir='ltr'>De</span> <span class='ocrx_word' id='word_1_236' title='bbox 208 3058 346 3121; x_wconf 80' lang='lat' dir='ltr'>Ecclesi&#39;ae</span> <span class='ocrx_word' id='word_1_237' title='bbox 362 3074 497 3139; x_wconf 88' lang='lat' dir='ltr'>potestate</span> <span class='ocrx_word' id='word_1_238' title='bbox 512 3065 542 3121; x_wconf 89' lang='lat' dir='ltr'>in</span> <span class='ocrx_word' id='word_1_239' title='bbox 556 3061 754 3123; x_wconf 87' lang='lat' dir='ltr'>controversiis</span> <span class='ocrx_word' id='word_1_240' title='bbox 768 3065 836 3125; x_wconf 88' lang='lat' dir='ltr'>fidei</span> <span class='ocrx_word' id='word_1_241' title='bbox 847 3065 933 3123; x_wconf 88' lang='lat' dir='ltr'>silent</span> <span class='ocrx_word' id='word_1_242' title='bbox 944 3065 1136 3134; x_wconf 75' lang='lat' dir='ltr'>Methodistte,</span> <span class='ocrx_word' id='word_1_243' title='bbox 1147 3044 1234 3125; x_wconf 83' lang='lat' dir='ltr'>verba</span> <span class='ocrx_word' id='word_1_244' title='bbox 1247 3084 1289 3123; x_wconf 86' lang='lat' dir='ltr'>ar·</span> 
     </span>
     <span class='ocr_line' id='line_1_30' title="bbox 110 3150 1030 3239; baseline 0 -18"><span class='ocrx_word' id='word_1_245' title='bbox 110 3152 260 3221; x_wconf 84' lang='lat' dir='ltr'>ticulorum</span> <span class='ocrx_word' id='word_1_246' title='bbox 273 3160 494 3237; x_wconf 80' lang='lat' dir='ltr'>Anglieanorum</span> <span class='ocrx_word' id='word_1_247' title='bbox 508 3150 634 3233; x_wconf 85' lang='lat' dir='ltr'>alioquin</span> <span class='ocrx_word' id='word_1_248' title='bbox 648 3163 813 3239; x_wconf 89' lang='lat' dir='ltr'>plerumque</span> <span class='ocrx_word' id='word_1_249' title='bbox 828 3154 1030 3221; x_wconf 82' lang='lat' dir='ltr'>exscribentes.</span> 
     </span>
    </p>

    <p class='ocr_par' dir='ltr' id='par_1_16' title="bbox 150 3244 1289 3343">
     <span class='ocr_line' id='line_1_31' title="bbox 150 3244 1289 3343; baseline 0.002 -26"><span class='ocrx_word' id='word_1_250' title='bbox 150 3259 284 3337; x_wconf 76' lang='lat' dir='ltr'>Baptista</span> <span class='ocrx_word' id='word_1_251' title='bbox 298 3275 462 3343; x_wconf 81' lang='lat' dir='ltr'>supremum</span> <span class='ocrx_word' id='word_1_252' title='bbox 483 3258 734 3316; x_wconf 86' lang='lat' dir='ltr'>controversiarum</span> <span class='ocrx_word' id='word_1_253' title='bbox 750 3259 877 3335; x_wconf 89' lang='lat' dir='ltr'>judicem</span> <span class='ocrx_word' id='word_1_254' title='bbox 898 3244 1007 3318; x_wconf 83' lang='lat' dir='ltr'>nullum</span> <span class='ocrx_word' id='word_1_255' title='bbox 1023 3259 1110 3318; x_wconf 88' lang='lat' dir='ltr'>alium</span> <span class='ocrx_word' id='word_1_256' title='bbox 1130 3275 1289 3338; x_wconf 83' lang='lat' dir='ltr'>agnoscunt</span> 
     </span>
    </p>
   </div>
   <div class='ocr_carea' id='block_1_14' title="bbox 18 3351 1287 3541">
    <p class='ocr_par' dir='ltr' id='par_1_17' title="bbox 18 3351 1287 3535">
     <span class='ocr_line' id='line_1_32' title="bbox 18 3351 718 3434; baseline -0.014 -13"><span class='ocrx_word' id='word_1_257' title='bbox 18 3416 20 3421; x_wconf 89' lang='lat'>.</span> <span class='ocrx_word' id='word_1_258' title='bbox 109 3367 211 3434; x_wconf 86' lang='lat' dir='ltr'>praeter</span> <span class='ocrx_word' id='word_1_259' title='bbox 224 3355 408 3431; x_wconf 85' lang='lat' dir='ltr'>scripturam</span> <span class='ocrx_word' id='word_1_260' title='bbox 408 3372 424 3410; x_wconf 88' lang='lat' dir='ltr'>a</span> <span class='ocrx_word' id='word_1_261' title='bbox 443 3352 551 3429; x_wconf 87' lang='lat' dir='ltr'>Spiritu</span> <span class='ocrx_word' id='word_1_262' title='bbox 566 3351 704 3412; x_wconf 86' lang='lat' dir='ltr'>traditam.</span> <span class='ocrx_word' id='word_1_263' title='bbox 707 3357 718 3388; x_wconf 79' lang='lat'><strong>⁸</strong></span> 
     </span>
     <span class='ocr_line' id='line_1_33' title="bbox 86 3420 1287 3541; baseline 0.002 -27"><span class='ocrx_word' id='word_1_264' title='bbox 86 3526 89 3535; x_wconf 31' lang='grc' dir='ltr'>Ι</span> <span class='ocrx_word' id='word_1_265' title='bbox 148 3455 275 3529; x_wconf 89' lang='lat' dir='ltr'>Liquet</span> <span class='ocrx_word' id='word_1_266' title='bbox 268 3455 352 3532; x_wconf 82' lang='lat' dir='ltr'>igitur</span> <span class='ocrx_word' id='word_1_267' title='bbox 366 3450 440 3528; x_wconf 88' lang='lat' dir='ltr'>apud</span> <span class='ocrx_word' id='word_1_268' title='bbox 461 3451 558 3509; x_wconf 84' lang='lat' dir='ltr'>Sectas</span> <span class='ocrx_word' id='word_1_269' title='bbox 579 3452 687 3511; x_wconf 91' lang='lat' dir='ltr'>nullum</span> <span class='ocrx_word' id='word_1_270' title='bbox 701 3472 764 3511; x_wconf 88' lang='lat' dir='ltr'>esse</span> <span class='ocrx_word' id='word_1_271' title='bbox 779 3454 898 3513; x_wconf 88' lang='lat' dir='ltr'>tribunal</span> <span class='ocrx_word' id='word_1_272' title='bbox 912 3438 969 3527; x_wconf 89' lang='lat' dir='ltr'>quo</span> <span class='ocrx_word' id='word_1_273' title='bbox 990 3455 1055 3513; x_wconf 87' lang='lat' dir='ltr'>fidei</span> <span class='ocrx_word' id='word_1_274' title='bbox 1072 3420 1164 3514; x_wconf 83' lang='lat' dir='ltr'>unitas</span> <span class='ocrx_word' id='word_1_275' title='bbox 1178 3457 1287 3541; x_wconf 78' lang='lat' dir='ltr'>servari</span> 
     </span>
    </p>
   </div>
   <div class='ocr_carea' id='block_1_15' title="bbox 106 3550 1288 3920">
    <p class='ocr_par' dir='ltr' id='par_1_18' title="bbox 106 3550 1288 3708">
     <span class='ocr_line' id='line_1_34' title="bbox 106 3550 1288 3632; baseline 0.003 -22.01"><span class='ocrx_word' id='word_1_276' title='bbox 106 3554 211 3631; x_wconf 89' lang='lat' dir='ltr'>possit,</span> <span class='ocrx_word' id='word_1_277' title='bbox 225 3563 312 3626; x_wconf 90' lang='lat' dir='ltr'>quum</span> <span class='ocrx_word' id='word_1_278' title='bbox 327 3569 438 3611; x_wconf 88' lang='lat' dir='ltr'>summa</span> <span class='ocrx_word' id='word_1_279' title='bbox 447 3550 573 3629; x_wconf 86' lang='lat' dir='ltr'>judicia</span> <span class='ocrx_word' id='word_1_280' title='bbox 566 3562 671 3611; x_wconf 82' lang='lat' dir='ltr'>lncerta</span> <span class='ocrx_word' id='word_1_281' title='bbox 681 3553 737 3610; x_wconf 84' lang='lat' dir='ltr'>ab</span> <span class='ocrx_word' id='word_1_282' title='bbox 729 3554 800 3629; x_wconf 81' lang='lat' dir='ltr'>ipsis</span> <span class='ocrx_word' id='word_1_283' title='bbox 815 3563 1010 3630; x_wconf 84' lang='lat' dir='ltr'>agnoscantur,</span> <span class='ocrx_word' id='word_1_284' title='bbox 1022 3563 1051 3611; x_wconf 89' lang='lat' dir='ltr'>et</span> <span class='ocrx_word' id='word_1_285' title='bbox 1061 3554 1162 3613; x_wconf 85' lang='lat' dir='ltr'>erroris</span> <span class='ocrx_word' id='word_1_286' title='bbox 1177 3556 1288 3632; x_wconf 88' lang='lat' dir='ltr'>pericu·</span> 
     </span>
     <span class='ocr_line' id='line_1_35' title="bbox 108 3649 283 3708; baseline -0.011 0"><span class='ocrx_word' id='word_1_287' title='bbox 108 3650 138 3708; x_wconf 95' lang='lat' dir='ltr'>lo</span> <span class='ocrx_word' id='word_1_288' title='bbox 152 3649 283 3706; x_wconf 85' lang='lat' dir='ltr'>obnoxia.</span> 
     </span>
    </p>

    <p class='ocr_par' dir='ltr' id='par_1_19' title="bbox 112 3730 1288 3920">
     <span class='ocr_line' id='line_1_36' title="bbox 153 3730 1286 3829; baseline 0.006 -27"><span class='ocrx_word' id='word_1_289' title='bbox 153 3743 293 3824; x_wconf 78' lang='lat' dir='ltr'>Symbola</span> <span class='ocrx_word' id='word_1_290' title='bbox 307 3764 357 3804; x_wconf 80' lang='lat' dir='ltr'>eeu</span> <span class='ocrx_word' id='word_1_291' title='bbox 374 3742 575 3826; x_wconf 79' lang='lat' dir='ltr'>Confessionca</span> <span class='ocrx_word' id='word_1_292' title='bbox 586 3744 664 3823; x_wconf 83' lang='lat' dir='ltr'>fidei</span> <span class='ocrx_word' id='word_1_293' title='bbox 677 3730 735 3803; x_wconf 88' lang='lat' dir='ltr'>non</span> <span class='ocrx_word' id='word_1_294' title='bbox 749 3758 868 3829; x_wconf 86' lang='lat' dir='ltr'>possunt</span> <span class='ocrx_word' id='word_1_295' title='bbox 884 3765 947 3804; x_wconf 84' lang='lat' dir='ltr'>esse</span> <span class='ocrx_word' id='word_1_296' title='bbox 962 3757 1037 3805; x_wconf 88' lang='lat' dir='ltr'>certa</span> <span class='ocrx_word' id='word_1_297' title='bbox 1055 3748 1126 3827; x_wconf 81' lang='lat' dir='ltr'>ratio</span> <span class='ocrx_word' id='word_1_298' title='bbox 1140 3748 1208 3807; x_wconf 86' lang='lat' dir='ltr'>fidei</span> <span class='ocrx_word' id='word_1_299' title='bbox 1229 3769 1286 3809; x_wconf 88' lang='lat' dir='ltr'>ser·</span> 
     </span>
     <span class='ocr_line' id='line_1_37' title="bbox 112 3828 1288 3920; baseline 0.006 -20"><span class='ocrx_word' id='word_1_300' title='bbox 112 3840 196 3900; x_wconf 89' lang='lat' dir='ltr'>vandi</span> <span class='ocrx_word' id='word_1_301' title='bbox 210 3842 355 3910; x_wconf 88' lang='lat' dir='ltr'>unitatem,</span> <span class='ocrx_word' id='word_1_302' title='bbox 371 3828 435 3901; x_wconf 86' lang='lat' dir='ltr'>nam</span> <span class='ocrx_word' id='word_1_303' title='bbox 449 3834 478 3899; x_wconf 83' lang='lat' dir='ltr'>et</span> <span class='ocrx_word' id='word_1_304' title='bbox 491 3860 612 3903; x_wconf 84' lang='lat' dir='ltr'>errorem</span> <span class='ocrx_word' id='word_1_305' title='bbox 628 3830 663 3899; x_wconf 82' lang='lat' dir='ltr'>iis</span> <span class='ocrx_word' id='word_1_306' title='bbox 684 3843 779 3901; x_wconf 87' lang='lat' dir='ltr'>inesse</span> <span class='ocrx_word' id='word_1_307' title='bbox 799 3861 884 3920; x_wconf 79' lang='lat' dir='ltr'>posse</span> <span class='ocrx_word' id='word_1_308' title='bbox 905 3844 1065 3902; x_wconf 87' lang='lat' dir='ltr'>necessarid</span> <span class='ocrx_word' id='word_1_309' title='bbox 1078 3863 1115 3904; x_wconf 85' lang='lat' dir='ltr'>ex</span> <span class='ocrx_word' id='word_1_310' title='bbox 1137 3845 1288 3907; x_wconf 74' lang='lat' dir='ltr'>Securum</span> 
     </span>
    </p>
   </div>
   <div class='ocr_carea' id='block_1_16' title="bbox 141 4146 1287 4331">
    <p class='ocr_par' dir='ltr' id='par_1_20' title="bbox 141 4146 1287 4298">
     <span class='ocr_line' id='line_1_38' title="bbox 153 4146 728 4197; baseline 0 0"><span class='ocrx_word' id='word_1_311' title='bbox 153 4148 165 4197; x_wconf 93' lang='lat' dir='ltr'>l</span> <span class='ocrx_word' id='word_1_312' title='bbox 194 4146 299 4196; x_wconf 78' lang='lat' dir='ltr'>Artxx.</span> <span class='ocrx_word' id='word_1_313' title='bbox 368 4192 371 4197; x_wconf 84' lang='grc'><strong>,</strong></span> <span class='ocrx_word' id='word_1_314' title='bbox 725 4186 728 4190; x_wconf 90' lang='grc'><strong>.</strong></span> 
     </span>
     <span class='ocr_line' id='line_1_39' title="bbox 141 4151 1287 4331; baseline 0.005 -53"><span class='ocrx_word' id='word_1_315' title='bbox 141 4151 177 4292; x_wconf 65' lang='grc' dir='ltr'>ιιι</span> <span class='ocrx_word' id='word_1_316' title='bbox 194 4229 269 4279; x_wconf 86' lang='lat' dir='ltr'>Form</span> <span class='ocrx_word' id='word_1_317' title='bbox 280 4230 310 4278; x_wconf 90' lang='lat' dir='ltr'>of</span> <span class='ocrx_word' id='word_1_318' title='bbox 316 4229 484 4282; x_wconf 84' lang='lat' dir='ltr'>Governrnent</span> <span class='ocrx_word' id='word_1_319' title='bbox 494 4227 524 4282; x_wconf 83' lang='lat' dir='ltr'>of</span> <span class='ocrx_word' id='word_1_320' title='bbox 535 4231 576 4282; x_wconf 92' lang='lat' dir='ltr'>the</span> <span class='ocrx_word' id='word_1_321' title='bbox 596 4229 768 4331; x_wconf 82' lang='lat' dir='ltr'>Presbyterien</span> <span class='ocrx_word' id='word_1_322' title='bbox 784 4230 906 4282; x_wconf 89' lang='lat' dir='ltr'>Church</span> <span class='ocrx_word' id='word_1_323' title='bbox 900 4247 925 4297; x_wconf 85' lang='grc' dir='ltr'>ιιι</span> <span class='ocrx_word' id='word_1_324' title='bbox 942 4230 1065 4291; x_wconf 79' lang='grc' dir='ltr'><strong>Αιιιοιιοιι</strong></span> <span class='ocrx_word' id='word_1_325' title='bbox 1077 4249 1105 4283; x_wconf 80' lang='lat' dir='ltr'>es</span> <span class='ocrx_word' id='word_1_326' title='bbox 1121 4233 1267 4286; x_wconf 75' lang='lat' dir='ltr'>emended</span> <span class='ocrx_word' id='word_1_327' title='bbox 1260 4251 1287 4284; x_wconf 91' lang='grc' dir='ltr'>ιιι</span> 
     </span>
    </p>
   </div>
   <div class='ocr_carea' id='block_1_17' title="bbox 109 4296 326 4372">
    <p class='ocr_par' dir='ltr' id='par_1_21' title="bbox 109 4296 326 4372">
     <span class='ocr_line' id='line_1_40' title="bbox 109 4296 326 4372; baseline -0.015 -8.956"><span class='ocrx_word' id='word_1_328' title='bbox 109 4296 181 4372; x_wconf 69' lang='lat'>1821,</span> <span class='ocrx_word' id='word_1_329' title='bbox 193 4313 232 4361; x_wconf 92' lang='lat' dir='ltr'>ch.</span> <span class='ocrx_word' id='word_1_330' title='bbox 245 4312 267 4361; x_wconf 92' lang='lat'>1.</span> <span class='ocrx_word' id='word_1_331' title='bbox 278 4311 326 4370; x_wconf 70' lang='grc' dir='ltr'>ιι.</span> 
     </span>
    </p>
   </div>
   <div class='ocr_carea' id='block_1_18' title="bbox 110 4383 1288 4551">
    <p class='ocr_par' dir='ltr' id='par_1_22' title="bbox 110 4383 1288 4551">
     <span class='ocr_line' id='line_1_41' title="bbox 140 4383 1288 4461; baseline 0.005 -16"><span class='ocrx_word' id='word_1_332' title='bbox 140 4397 200 4460; x_wconf 81' lang='grc'>(3)·</span> <span class='ocrx_word' id='word_1_333' title='bbox 201 4397 271 4445; x_wconf 87' lang='lat' dir='ltr'>‘The</span> <span class='ocrx_word' id='word_1_334' title='bbox 279 4410 391 4458; x_wconf 83' lang='lat' dir='ltr'>supreme</span> <span class='ocrx_word' id='word_1_335' title='bbox 404 4397 538 4461; x_wconf 85' lang='lat' dir='ltr'>judge—in</span> <span class='ocrx_word' id='word_1_336' title='bbox 550 4400 632 4448; x_wconf 86' lang='lat' dir='ltr'>whose</span> <span class='ocrx_word' id='word_1_337' title='bbox 643 4406 757 4448; x_wconf 88' lang='lat' dir='ltr'>sentence</span> <span class='ocrx_word' id='word_1_338' title='bbox 768 4415 805 4447; x_wconf 81' lang='lat' dir='ltr'>we</span> <span class='ocrx_word' id='word_1_339' title='bbox 817 4415 858 4448; x_wconf 83' lang='lat' dir='ltr'>are</span> <span class='ocrx_word' id='word_1_340' title='bbox 869 4407 894 4448; x_wconf 90' lang='lat' dir='ltr'>to</span> <span class='ocrx_word' id='word_1_341' title='bbox 904 4403 960 4457; x_wconf 77' lang='lat' dir='ltr'>rest,</span> <span class='ocrx_word' id='word_1_342' title='bbox 972 4413 1018 4448; x_wconf 78' lang='lat' dir='ltr'>cun</span> <span class='ocrx_word' id='word_1_343' title='bbox 1030 4397 1059 4445; x_wconf 87' lang='lat' dir='ltr'>be</span> <span class='ocrx_word' id='word_1_344' title='bbox 1070 4413 1102 4448; x_wconf 88' lang='lat' dir='ltr'>no</span> <span class='ocrx_word' id='word_1_345' title='bbox 1112 4383 1182 4449; x_wconf 79' lang='lat' dir='ltr'>other</span> <span class='ocrx_word' id='word_1_346' title='bbox 1194 4400 1238 4450; x_wconf 88' lang='lat' dir='ltr'>but</span> <span class='ocrx_word' id='word_1_347' title='bbox 1246 4401 1288 4450; x_wconf 80' lang='lat' dir='ltr'>the</span> 
     </span>
     <span class='ocr_line' id='line_1_42' title="bbox 110 4478 805 4551; baseline 0.003 -21"><span class='ocrx_word' id='word_1_348' title='bbox 110 4482 176 4547; x_wconf 83' lang='lat' dir='ltr'>Holy</span> <span class='ocrx_word' id='word_1_349' title='bbox 187 4481 311 4546; x_wconf 81' lang='lat' dir='ltr'>scripture</span> <span class='ocrx_word' id='word_1_350' title='bbox 323 4478 442 4528; x_wconf 85' lang='lat' dir='ltr'>delivered</span> <span class='ocrx_word' id='word_1_351' title='bbox 454 4482 486 4544; x_wconf 79' lang='lat' dir='ltr'>by</span> <span class='ocrx_word' id='word_1_352' title='bbox 496 4482 537 4551; x_wconf 68' lang='lat' dir='ltr'>the</span> <span class='ocrx_word' id='word_1_353' title='bbox 548 4482 647 4547; x_wconf 76' lang='lat' dir='ltr'>Spirit.&#39;’</span> <span class='ocrx_word' id='word_1_354' title='bbox 663 4485 700 4534; x_wconf 87' lang='lat' dir='ltr'>ch.</span> <span class='ocrx_word' id='word_1_355' title='bbox 711 4484 731 4532; x_wconf 92' lang='grc' dir='ltr'>ι.</span> <span class='ocrx_word' id='word_1_356' title='bbox 743 4484 755 4542; x_wconf 76' lang='grc' dir='ltr'>ι</span> <span class='ocrx_word' id='word_1_357' title='bbox 768 4485 805 4539; x_wconf 80' lang='grc' dir='ltr'><strong>ιιι.</strong></span> 
     </span>
    </p>
   </div>
   <div class='ocr_carea' id='block_1_19' title="bbox 0 0 1388 5032">
    <p class='ocr_par' dir='ltr' id='par_1_23' title="bbox 0 0 1388 5032">
     <span class='ocr_line' id='line_1_43' title="bbox 0 0 1388 5032; baseline 0 1"><span class='ocrx_word' id='word_1_358' title='bbox 0 0 1388 5032; x_wconf 95' lang='lat' dir='ltr'> </span> 
     </span>
    </p>
   </div>
  </div>
 </body>
</html>
