<?xml version="1.0" encoding="UTF-8"?>
<!DOCTYPE html PUBLIC "-//W3C//DTD XHTML 1.0 Transitional//EN"
    "http://www.w3.org/TR/xhtml1/DTD/xhtml1-transitional.dtd">
<html xmlns="http://www.w3.org/1999/xhtml" xml:lang="en" lang="en">
 <head>
  <title>
</title>
<meta http-equiv="Content-Type" content="text/html;charset=utf-8" />
  <meta name='ocr-system' content='tesseract 3.04.00' />
  <meta name='ocr-capabilities' content='ocr_page ocr_carea ocr_par ocr_line ocrx_word'/>
</head>
<body>
  <div class='ocr_page' id='page_1' title='image "./theologidogmati00kenrgoog_0272.png"; bbox 0 0 2738 5032; ppageno 0'>
   <div class='ocr_carea' id='block_1_1' title="bbox 413 234 1279 323">
    <p class='ocr_par' dir='ltr' id='par_1_1' title="bbox 413 234 1279 323">
     <span class='ocr_line' id='line_1_1' title="bbox 413 234 1279 323; baseline 0.008 -7"><span class='ocrx_word' id='word_1_1' title='bbox 413 256 469 316; x_wconf 82' lang='lat' dir='ltr'><strong>nn</strong></span> <span class='ocrx_word' id='word_1_2' title='bbox 491 234 701 317; x_wconf 80' lang='lat' dir='ltr'><strong>susumus</strong></span> <span class='ocrx_word' id='word_1_3' title='bbox 722 246 949 319; x_wconf 68' lang='lat' dir='ltr'><strong>uocauere.</strong></span> <span class='ocrx_word' id='word_1_4' title='bbox 1209 234 1279 323; x_wconf 74' lang='lat' dir='ltr'><strong>ted</strong></span> 
     </span>
    </p>
   </div>
   <div class='ocr_carea' id='block_1_2' title="bbox 81 410 1265 590">
    <p class='ocr_par' dir='ltr' id='par_1_2' title="bbox 81 410 1265 590">
     <span class='ocr_line' id='line_1_2' title="bbox 81 410 1265 495; baseline 0.011 -25"><span class='ocrx_word' id='word_1_5' title='bbox 81 410 156 471; x_wconf 81' lang='lat' dir='ltr'><strong>bere</strong></span> <span class='ocrx_word' id='word_1_6' title='bbox 170 413 200 472; x_wconf 89' lang='lat' dir='ltr'><strong>in</strong></span> <span class='ocrx_word' id='word_1_7' title='bbox 210 431 255 472; x_wconf 90' lang='lat' dir='ltr'><strong>res</strong></span> <span class='ocrx_word' id='word_1_8' title='bbox 270 432 338 492; x_wconf 89' lang='lat' dir='ltr'><strong>pure</strong></span> <span class='ocrx_word' id='word_1_9' title='bbox 351 414 511 495; x_wconf 70' lang='lat' dir='ltr'><strong>spirituales</strong></span> <span class='ocrx_word' id='word_1_10' title='bbox 524 414 739 483; x_wconf 85' lang='lat' dir='ltr'><strong>auctoritatem,¹</strong></span> <span class='ocrx_word' id='word_1_11' title='bbox 752 412 803 473; x_wconf 87' lang='lat' dir='ltr'><strong>sed</strong></span> <span class='ocrx_word' id='word_1_12' title='bbox 816 414 845 475; x_wconf 89' lang='lat' dir='ltr'><strong>in</strong></span> <span class='ocrx_word' id='word_1_13' title='bbox 866 416 925 474; x_wconf 86' lang='lat' dir='ltr'><strong>suis</strong></span> <span class='ocrx_word' id='word_1_14' title='bbox 946 416 1067 477; x_wconf 90' lang='lat' dir='ltr'><strong>comitiis</strong></span> <span class='ocrx_word' id='word_1_15' title='bbox 1078 416 1176 489; x_wconf 88' lang='lat' dir='ltr'><strong>laicos,</strong></span> <span class='ocrx_word' id='word_1_16' title='bbox 1187 416 1265 485; x_wconf 87' lang='lat' dir='ltr'><strong>dele·</strong></span> 
     </span>
     <span class='ocr_line' id='line_1_3' title="bbox 87 512 1069 590; baseline 0.005 -22"><span class='ocrx_word' id='word_1_17' title='bbox 87 520 219 586; x_wconf 82' lang='lat' dir='ltr'><strong>gatorum</strong></span> <span class='ocrx_word' id='word_1_18' title='bbox 233 513 358 581; x_wconf 87' lang='lat' dir='ltr'><strong>nomine,</strong></span> <span class='ocrx_word' id='word_1_19' title='bbox 372 513 475 573; x_wconf 86' lang='lat' dir='ltr'><strong>habent</strong></span> <span class='ocrx_word' id='word_1_20' title='bbox 488 512 642 590; x_wconf 85' lang='lat' dir='ltr'><strong>Episcopis</strong></span> <span class='ocrx_word' id='word_1_21' title='bbox 657 512 890 588; x_wconf 84' lang='lat' dir='ltr'><strong>Presbyterisque</strong></span> <span class='ocrx_word' id='word_1_22' title='bbox 905 512 1069 573; x_wconf 70' lang='lat' dir='ltr'><strong>assidentes.</strong></span> 
     </span>
    </p>
   </div>
   <div class='ocr_carea' id='block_1_3' title="bbox 590 724 801 765">
    <p class='ocr_par' dir='ltr' id='par_1_3' title="bbox 590 724 801 765">
     <span class='ocr_line' id='line_1_4' title="bbox 590 724 801 765; baseline -0.009 0"><span class='ocrx_word' id='word_1_23' title='bbox 590 724 761 765; x_wconf 75' lang='lat' dir='ltr'><strong>Psosost&#39;no</strong></span> <span class='ocrx_word' id='word_1_24' title='bbox 780 724 801 764; x_wconf 85' lang='lat'><strong>1.</strong></span> 
     </span>
    </p>
   </div>
   <div class='ocr_carea' id='block_1_4' title="bbox 90 863 1265 1139">
    <p class='ocr_par' dir='ltr' id='par_1_4' title="bbox 90 863 1265 1139">
     <span class='ocr_line' id='line_1_5' title="bbox 128 863 1263 945; baseline 0.005 -24"><span class='ocrx_word' id='word_1_25' title='bbox 128 863 208 922; x_wconf 90' lang='lat' dir='ltr'><strong>Laici</strong></span> <span class='ocrx_word' id='word_1_26' title='bbox 222 867 405 939; x_wconf 73' lang='lat' dir='ltr'>quicumque,</span> <span class='ocrx_word' id='word_1_27' title='bbox 418 867 504 925; x_wconf 89' lang='lat' dir='ltr'><strong>etiam</strong></span> <span class='ocrx_word' id='word_1_28' title='bbox 524 866 656 945; x_wconf 85' lang='lat' dir='ltr'><strong>Supremi</strong></span> <span class='ocrx_word' id='word_1_29' title='bbox 677 866 830 943; x_wconf 76' lang='lat' dir='ltr'><strong>principes,</strong></span> <span class='ocrx_word' id='word_1_30' title='bbox 845 864 952 925; x_wconf 91' lang='lat' dir='ltr'><strong>nullum</strong></span> <span class='ocrx_word' id='word_1_31' title='bbox 973 884 1087 943; x_wconf 87' lang='lat' dir='ltr'><strong>prorsus</strong></span> <span class='ocrx_word' id='word_1_32' title='bbox 1109 866 1213 926; x_wconf 82' lang='lat' dir='ltr'><strong>liabent</strong></span> <span class='ocrx_word' id='word_1_33' title='bbox 1231 866 1263 927; x_wconf 86' lang='lat' dir='ltr'><strong>in</strong></span> 
     </span>
     <span class='ocr_line' id='line_1_6' title="bbox 90 961 732 1045; baseline 0.005 -25"><span class='ocrx_word' id='word_1_34' title='bbox 90 961 223 1020; x_wconf 78' lang='lat' dir='ltr'><strong>Ecclesia</strong></span> <span class='ocrx_word' id='word_1_35' title='bbox 236 965 416 1041; x_wconf 83' lang='lat' dir='ltr'><strong>gubernanda</strong></span> <span class='ocrx_word' id='word_1_36' title='bbox 424 966 484 1045; x_wconf 87' lang='lat' dir='ltr'><strong>jus,</strong></span> <span class='ocrx_word' id='word_1_37' title='bbox 499 976 546 1023; x_wconf 90' lang='lat' dir='ltr'><strong>aut</strong></span> <span class='ocrx_word' id='word_1_38' title='bbox 556 974 732 1041; x_wconf 87' lang='lat' dir='ltr'><strong>potestatem.</strong></span> 
     </span>
     <span class='ocr_line' id='line_1_7' title="bbox 128 1059 1265 1139; baseline 0.005 -23"><span class='ocrx_word' id='word_1_39' title='bbox 128 1059 290 1119; x_wconf 80' lang='lat' dir='ltr'><strong><em>Probatur.</em></strong></span> <span class='ocrx_word' id='word_1_40' title='bbox 329 1062 462 1121; x_wconf 72' lang='lat' dir='ltr'><strong>Ecclesia</strong></span> <span class='ocrx_word' id='word_1_41' title='bbox 471 1072 516 1121; x_wconf 89' lang='lat' dir='ltr'><strong>est</strong></span> <span class='ocrx_word' id='word_1_42' title='bbox 527 1081 545 1119; x_wconf 91' lang='lat' dir='ltr'><strong>a</strong></span> <span class='ocrx_word' id='word_1_43' title='bbox 556 1062 672 1120; x_wconf 82' lang='lat' dir='ltr'><strong>Christo</strong></span> <span class='ocrx_word' id='word_1_44' title='bbox 683 1062 817 1129; x_wconf 90' lang='lat' dir='ltr'><strong>instituta,</strong></span> <span class='ocrx_word' id='word_1_45' title='bbox 829 1081 846 1118; x_wconf 90' lang='lat' dir='ltr'><strong>a</strong></span> <span class='ocrx_word' id='word_1_46' title='bbox 856 1080 912 1135; x_wconf 88' lang='lat' dir='ltr'><strong>quo</strong></span> <span class='ocrx_word' id='word_1_47' title='bbox 927 1062 1022 1121; x_wconf 90' lang='lat' dir='ltr'><strong>omnia</strong></span> <span class='ocrx_word' id='word_1_48' title='bbox 1030 1062 1096 1139; x_wconf 83' lang='lat' dir='ltr'><strong>jura</strong></span> <span class='ocrx_word' id='word_1_49' title='bbox 1104 1061 1265 1122; x_wconf 78' lang='lat' dir='ltr'><strong>deriventur</strong></span> 
     </span>
    </p>
   </div>
   <div class='ocr_carea' id='block_1_5' title="bbox 89 1159 1365 1237">
    <p class='ocr_par' dir='ltr' id='par_1_5' title="bbox 89 1159 1365 1237">
     <span class='ocr_line' id='line_1_8' title="bbox 89 1159 1365 1237; baseline 0.004 -23"><span class='ocrx_word' id='word_1_50' title='bbox 89 1176 206 1215; x_wconf 86' lang='lat' dir='ltr'><strong>necesse</strong></span> <span class='ocrx_word' id='word_1_51' title='bbox 227 1172 284 1217; x_wconf 85' lang='lat' dir='ltr'><strong>est:</strong></span> <span class='ocrx_word' id='word_1_52' title='bbox 305 1160 368 1236; x_wconf 91' lang='lat' dir='ltr'><strong>ipss</strong></span> <span class='ocrx_word' id='word_1_53' title='bbox 380 1159 447 1218; x_wconf 83' lang='lat' dir='ltr'><strong>verb</strong></span> <span class='ocrx_word' id='word_1_54' title='bbox 461 1160 607 1237; x_wconf 78' lang='lat' dir='ltr'><strong>Apostolis</strong></span> <span class='ocrx_word' id='word_1_55' title='bbox 627 1178 742 1218; x_wconf 90' lang='lat' dir='ltr'><strong>omnem</strong></span> <span class='ocrx_word' id='word_1_56' title='bbox 762 1161 904 1217; x_wconf 88' lang='lat' dir='ltr'><strong>concessit</strong></span> <span class='ocrx_word' id='word_1_57' title='bbox 923 1170 1100 1236; x_wconf 86' lang='lat' dir='ltr'><strong>potestatem,</strong></span> <span class='ocrx_word' id='word_1_58' title='bbox 1114 1178 1171 1218; x_wconf 88' lang='lat' dir='ltr'><strong>uon</strong></span> <span class='ocrx_word' id='word_1_59' title='bbox 1190 1160 1263 1221; x_wconf 81' lang='lat' dir='ltr'><strong>laico</strong></span> <span class='ocrx_word' id='word_1_60' title='bbox 1360 1164 1365 1171; x_wconf 85' lang='lat'>&#39;</span> 
     </span>
    </p>
   </div>
   <div class='ocr_carea' id='block_1_6' title="bbox 47 1255 1309 4349">
    <p class='ocr_par' dir='ltr' id='par_1_6' title="bbox 89 1255 1263 1430">
     <span class='ocr_line' id='line_1_9' title="bbox 89 1255 1263 1335; baseline 0.001 -23"><span class='ocrx_word' id='word_1_61' title='bbox 89 1255 273 1328; x_wconf 85' lang='lat' dir='ltr'><strong>cuicumque:</strong></span> <span class='ocrx_word' id='word_1_62' title='bbox 294 1274 364 1333; x_wconf 77' lang='lat' dir='ltr'><strong>ergo</strong></span> <span class='ocrx_word' id='word_1_63' title='bbox 377 1257 486 1319; x_wconf 88' lang='lat' dir='ltr'><strong>nullum</strong></span> <span class='ocrx_word' id='word_1_64' title='bbox 496 1256 663 1333; x_wconf 87' lang='lat' dir='ltr'><strong>hujusmodi</strong></span> <span class='ocrx_word' id='word_1_65' title='bbox 678 1257 738 1335; x_wconf 86' lang='lat' dir='ltr'><strong>jus,</strong></span> <span class='ocrx_word' id='word_1_66' title='bbox 752 1256 830 1313; x_wconf 85' lang='lat' dir='ltr'><strong>nulls</strong></span> <span class='ocrx_word' id='word_1_67' title='bbox 842 1256 990 1314; x_wconf 86' lang='lat' dir='ltr'><strong>auotoritas</strong></span> <span class='ocrx_word' id='word_1_68' title='bbox 1004 1256 1148 1333; x_wconf 72' lang='lat' dir='ltr'><strong>regiminis</strong></span> <span class='ocrx_word' id='word_1_69' title='bbox 1162 1255 1263 1313; x_wconf 80' lang='lat' dir='ltr'><strong>Eccle-</strong></span> 
     </span>
     <span class='ocr_line' id='line_1_10' title="bbox 89 1351 1263 1430; baseline -0.001 -19"><span class='ocrx_word' id='word_1_70' title='bbox 89 1353 195 1412; x_wconf 85' lang='lat' dir='ltr'><strong>siastici</strong></span> <span class='ocrx_word' id='word_1_71' title='bbox 206 1354 236 1411; x_wconf 89' lang='lat' dir='ltr'><strong>in</strong></span> <span class='ocrx_word' id='word_1_72' title='bbox 244 1353 324 1411; x_wconf 90' lang='lat' dir='ltr'><strong>laicis</strong></span> <span class='ocrx_word' id='word_1_73' title='bbox 335 1354 570 1427; x_wconf 85' lang='lat' dir='ltr'><strong>quibuscumque,</strong></span> <span class='ocrx_word' id='word_1_74' title='bbox 578 1355 664 1412; x_wconf 88' lang='lat' dir='ltr'><strong>etiam</strong></span> <span class='ocrx_word' id='word_1_75' title='bbox 674 1353 815 1429; x_wconf 88' lang='lat' dir='ltr'><strong>supremis</strong></span> <span class='ocrx_word' id='word_1_76' title='bbox 823 1354 1013 1430; x_wconf 88' lang='lat' dir='ltr'><strong>principibus,</strong></span> <span class='ocrx_word' id='word_1_77' title='bbox 1023 1365 1068 1411; x_wconf 89' lang='lat' dir='ltr'><strong>est</strong></span> <span class='ocrx_word' id='word_1_78' title='bbox 1075 1351 1263 1429; x_wconf 79' lang='lat' dir='ltr'><strong>agnoscenda.</strong></span> 
     </span>
    </p>

    <p class='ocr_par' dir='ltr' id='par_1_7' title="bbox 88 1449 1264 1721">
     <span class='ocr_line' id='line_1_11' title="bbox 126 1449 1264 1517; baseline 0 -10"><span class='ocrx_word' id='word_1_79' title='bbox 126 1449 320 1509; x_wconf 78' lang='lat' dir='ltr'><strong>contineatur</strong></span> <span class='ocrx_word' id='word_1_80' title='bbox 330 1468 369 1509; x_wconf 86' lang='lat' dir='ltr'><strong>ex</strong></span> <span class='ocrx_word' id='word_1_81' title='bbox 382 1452 512 1511; x_wconf 84' lang='lat' dir='ltr'><strong>omnibus</strong></span> <span class='ocrx_word' id='word_1_82' title='bbox 526 1451 654 1509; x_wconf 88' lang='lat' dir='ltr'><strong>omnium</strong></span> <span class='ocrx_word' id='word_1_83' title='bbox 667 1450 834 1507; x_wconf 81' lang='lat' dir='ltr'><strong>seculorum</strong></span> <span class='ocrx_word' id='word_1_84' title='bbox 848 1470 865 1507; x_wconf 94' lang='lat' dir='ltr'><strong>a</strong></span> <span class='ocrx_word' id='word_1_85' title='bbox 877 1449 992 1509; x_wconf 85' lang='lat' dir='ltr'><strong>Christo</strong></span> <span class='ocrx_word' id='word_1_86' title='bbox 1011 1450 1212 1517; x_wconf 77' lang='lat' dir='ltr'><strong>monumentis,</strong></span> <span class='ocrx_word' id='word_1_87' title='bbox 1225 1466 1264 1507; x_wconf 81' lang='lat' dir='ltr'><strong>ex</strong></span> 
     </span>
     <span class='ocr_line' id='line_1_12' title="bbox 88 1544 1263 1624; baseline -0.001 -20"><span class='ocrx_word' id='word_1_88' title='bbox 88 1546 191 1623; x_wconf 78' lang='lat' dir='ltr'><strong>quibus</strong></span> <span class='ocrx_word' id='word_1_89' title='bbox 204 1546 293 1620; x_wconf 89' lang='lat' dir='ltr'><strong>liquet</strong></span> <span class='ocrx_word' id='word_1_90' title='bbox 307 1547 414 1607; x_wconf 89' lang='lat' dir='ltr'><strong>nullum</strong></span> <span class='ocrx_word' id='word_1_91' title='bbox 431 1546 521 1624; x_wconf 86' lang='lat' dir='ltr'><strong>jusin</strong></span> <span class='ocrx_word' id='word_1_92' title='bbox 540 1546 672 1605; x_wconf 80' lang='lat' dir='ltr'><strong>Ecclesia</strong></span> <span class='ocrx_word' id='word_1_93' title='bbox 691 1544 871 1623; x_wconf 74' lang='lat' dir='ltr'><strong>gubernanda</strong></span> <span class='ocrx_word' id='word_1_94' title='bbox 882 1546 919 1607; x_wconf 87' lang='lat' dir='ltr'><strong>in</strong></span> <span class='ocrx_word' id='word_1_95' title='bbox 938 1546 1018 1605; x_wconf 82' lang='lat' dir='ltr'><strong>laicis</strong></span> <span class='ocrx_word' id='word_1_96' title='bbox 1037 1546 1263 1621; x_wconf 85' lang='lat' dir='ltr'><strong>quibuscumque</strong></span> 
     </span>
     <span class='ocr_line' id='line_1_13' title="bbox 88 1644 534 1721; baseline 0.007 -21"><span class='ocrx_word' id='word_1_97' title='bbox 88 1658 215 1716; x_wconf 86' lang='lat' dir='ltr'><strong>unquam</strong></span> <span class='ocrx_word' id='word_1_98' title='bbox 230 1644 366 1721; x_wconf 81' lang='lat' dir='ltr'><strong>agnitum.</strong></span> <span class='ocrx_word' id='word_1_99' title='bbox 483 1690 486 1695; x_wconf 88' lang='lat'>.</span> <span class='ocrx_word' id='word_1_100' title='bbox 525 1674 534 1691; x_wconf 89' lang='lat'><strong>-·</strong></span> 
     </span>
    </p>

    <p class='ocr_par' dir='ltr' id='par_1_8' title="bbox 88 1738 1309 2013">
     <span class='ocr_line' id='line_1_14' title="bbox 128 1738 1309 1820; baseline 0.001 -22"><span class='ocrx_word' id='word_1_101' title='bbox 128 1739 196 1820; x_wconf 76' lang='lat' dir='ltr'><strong>obj.</strong></span> <span class='ocrx_word' id='word_1_102' title='bbox 211 1746 236 1800; x_wconf 94' lang='lat' dir='ltr'><strong>l.</strong></span> <span class='ocrx_word' id='word_1_103' title='bbox 259 1741 413 1801; x_wconf 82' lang='lat' dir='ltr'><strong>Calvinus:</strong></span> <span class='ocrx_word' id='word_1_104' title='bbox 449 1743 536 1810; x_wconf 84' lang='lat' dir='ltr'><strong>“Qui</strong></span> <span class='ocrx_word' id='word_1_105' title='bbox 551 1750 662 1820; x_wconf 84' lang='lat' dir='ltr'><strong>preest,</strong></span> <span class='ocrx_word' id='word_1_106' title='bbox 673 1739 703 1799; x_wconf 92' lang='lat' dir='ltr'><strong>id</strong></span> <span class='ocrx_word' id='word_1_107' title='bbox 714 1738 1052 1799; x_wconf 82' lang='lat' dir='ltr'><strong>faciatiusolicitudins.”</strong></span> <span class='ocrx_word' id='word_1_108' title='bbox 1074 1740 1261 1799; x_wconf 81' lang='lat' dir='ltr'><strong>Rom.xii.8.</strong></span> <span class='ocrx_word' id='word_1_109' title='bbox 1306 1756 1309 1763; x_wconf 90' lang='lat'>·</span> 
     </span>
     <span class='ocr_line' id='line_1_15' title="bbox 89 1836 1262 1916; baseline 0 -20"><span class='ocrx_word' id='word_1_110' title='bbox 89 1836 195 1897; x_wconf 83' lang='lat' dir='ltr'><strong>llabuit</strong></span> <span class='ocrx_word' id='word_1_111' title='bbox 207 1840 293 1916; x_wconf 85' lang='lat' dir='ltr'><strong>igitur</strong></span> <span class='ocrx_word' id='word_1_112' title='bbox 305 1841 339 1899; x_wconf 87' lang='lat' dir='ltr'><strong>ab</strong></span> <span class='ocrx_word' id='word_1_113' title='bbox 353 1841 433 1899; x_wconf 91' lang='lat' dir='ltr'><strong>initio</strong></span> <span class='ocrx_word' id='word_1_114' title='bbox 446 1858 623 1914; x_wconf 82' lang='lat' dir='ltr'><strong>unaqueque</strong></span> <span class='ocrx_word' id='word_1_115' title='bbox 635 1839 768 1898; x_wconf 80' lang='lat' dir='ltr'><strong>Ecclesia</strong></span> <span class='ocrx_word' id='word_1_116' title='bbox 780 1856 864 1896; x_wconf 90' lang='lat' dir='ltr'><strong>sunm</strong></span> <span class='ocrx_word' id='word_1_117' title='bbox 875 1838 1213 1914; x_wconf 85' lang='lat' dir='ltr'><strong>senatum,eonscriptum</strong></span> <span class='ocrx_word' id='word_1_118' title='bbox 1223 1855 1262 1897; x_wconf 80' lang='lat' dir='ltr'><strong>ex</strong></span> 
     </span>
     <span class='ocr_line' id='line_1_16' title="bbox 88 1934 1010 2013; baseline 0.005 -20"><span class='ocrx_word' id='word_1_119' title='bbox 88 1934 154 1994; x_wconf 75' lang='lat' dir='ltr'><strong>siris</strong></span> <span class='ocrx_word' id='word_1_120' title='bbox 167 1938 234 2013; x_wconf 88' lang='lat' dir='ltr'><strong>piis,</strong></span> <span class='ocrx_word' id='word_1_121' title='bbox 249 1939 379 2011; x_wconf 71' lang='lat' dir='ltr'><strong>gravibus</strong></span> <span class='ocrx_word' id='word_1_122' title='bbox 390 1950 419 1997; x_wconf 92' lang='lat' dir='ltr'><strong>st</strong></span> <span class='ocrx_word' id='word_1_123' title='bbox 431 1937 584 1997; x_wconf 80' lang='lat' dir='ltr'><strong>sanctis.”¹</strong></span> <span class='ocrx_word' id='word_1_124' title='bbox 1007 1952 1010 1957; x_wconf 85' lang='lat'>&#39;</span> 
     </span>
    </p>

    <p class='ocr_par' dir='ltr' id='par_1_9' title="bbox 85 2032 1262 2779">
     <span class='ocr_line' id='line_1_17' title="bbox 111 2032 1262 2112; baseline 0 -20"><span class='ocrx_word' id='word_1_125' title='bbox 111 2032 203 2112; x_wconf 81' lang='lat' dir='ltr'><strong>Resp.</strong></span> <span class='ocrx_word' id='word_1_126' title='bbox 217 2035 375 2095; x_wconf 87' lang='lat' dir='ltr'><strong>Nihildicit</strong></span> <span class='ocrx_word' id='word_1_127' title='bbox 382 2037 486 2095; x_wconf 88' lang='lat' dir='ltr'><strong>Paulus</strong></span> <span class='ocrx_word' id='word_1_128' title='bbox 492 2054 550 2110; x_wconf 89' lang='lat' dir='ltr'><strong>quo</strong></span> <span class='ocrx_word' id='word_1_129' title='bbox 557 2035 661 2095; x_wconf 85' lang='lat' dir='ltr'><strong>laicum</strong></span> <span class='ocrx_word' id='word_1_130' title='bbox 669 2052 794 2112; x_wconf 78' lang='lat' dir='ltr'><strong>preesse</strong></span> <span class='ocrx_word' id='word_1_131' title='bbox 802 2035 832 2094; x_wconf 91' lang='lat' dir='ltr'><strong>in</strong></span> <span class='ocrx_word' id='word_1_132' title='bbox 840 2034 972 2095; x_wconf 86' lang='lat' dir='ltr'><strong>Ecclesia</strong></span> <span class='ocrx_word' id='word_1_133' title='bbox 978 2032 1184 2104; x_wconf 89' lang='lat' dir='ltr'><strong>indicetur,eed</strong></span> <span class='ocrx_word' id='word_1_134' title='bbox 1192 2052 1262 2111; x_wconf 82' lang='lat' dir='ltr'><strong>pre·</strong></span> 
     </span>
     <span class='ocr_line' id='line_1_18' title="bbox 86 2131 1261 2210; baseline 0.001 -20"><span class='ocrx_word' id='word_1_135' title='bbox 86 2132 177 2190; x_wconf 83' lang='lat' dir='ltr'><strong>sulem</strong></span> <span class='ocrx_word' id='word_1_136' title='bbox 186 2150 240 2189; x_wconf 88' lang='lat' dir='ltr'><strong>suo</strong></span> <span class='ocrx_word' id='word_1_137' title='bbox 250 2150 367 2190; x_wconf 91' lang='lat' dir='ltr'><strong>munere</strong></span> <span class='ocrx_word' id='word_1_138' title='bbox 377 2132 489 2193; x_wconf 73' lang='lat' dir='ltr'><strong>solicite</strong></span> <span class='ocrx_word' id='word_1_139' title='bbox 496 2132 598 2190; x_wconf 88' lang='lat' dir='ltr'><strong>debere</strong></span> <span class='ocrx_word' id='word_1_140' title='bbox 609 2132 697 2209; x_wconf 72' lang='lat' dir='ltr'><strong>fingi.</strong></span> <span class='ocrx_word' id='word_1_141' title='bbox 740 2134 834 2199; x_wconf 82' lang='lat' dir='ltr'><strong>Quum</strong></span> <span class='ocrx_word' id='word_1_142' title='bbox 844 2142 937 2191; x_wconf 89' lang='lat' dir='ltr'><strong>autem</strong></span> <span class='ocrx_word' id='word_1_143' title='bbox 946 2133 1052 2192; x_wconf 90' lang='lat' dir='ltr'><strong>mentio</strong></span> <span class='ocrx_word' id='word_1_144' title='bbox 1063 2131 1200 2210; x_wconf 75' lang='lat' dir='ltr'><strong>precedet</strong></span> <span class='ocrx_word' id='word_1_145' title='bbox 1207 2133 1261 2191; x_wconf 89' lang='lat' dir='ltr'><strong>im·</strong></span> 
     </span>
     <span class='ocr_line' id='line_1_19' title="bbox 85 2230 1260 2307; baseline 0.003 -21"><span class='ocrx_word' id='word_1_146' title='bbox 85 2230 233 2306; x_wconf 87' lang='lat' dir='ltr'><strong>pertientis</strong></span> <span class='ocrx_word' id='word_1_147' title='bbox 246 2230 467 2307; x_wconf 81' lang='lat' dir='ltr'><strong>eleemosynam,</strong></span> <span class='ocrx_word' id='word_1_148' title='bbox 478 2240 508 2289; x_wconf 91' lang='lat' dir='ltr'><strong>et</strong></span> <span class='ocrx_word' id='word_1_149' title='bbox 519 2240 652 2303; x_wconf 83' lang='lat' dir='ltr'><strong>sequatur</strong></span> <span class='ocrx_word' id='word_1_150' title='bbox 664 2230 833 2297; x_wconf 87' lang='lat' dir='ltr'><strong>miserentis,</strong></span> <span class='ocrx_word' id='word_1_151' title='bbox 845 2242 942 2306; x_wconf 73' lang='lat' dir='ltr'><strong>possm</strong></span> <span class='ocrx_word' id='word_1_152' title='bbox 951 2232 1047 2291; x_wconf 80' lang='lat' dir='ltr'><strong>forsan</strong></span> <span class='ocrx_word' id='word_1_153' title='bbox 1053 2232 1208 2307; x_wconf 73' lang='lat' dir='ltr'><strong>Apostolus</strong></span> <span class='ocrx_word' id='word_1_154' title='bbox 1216 2232 1260 2290; x_wconf 89' lang='lat' dir='ltr'><strong>in·</strong></span> 
     </span>
     <span class='ocr_line' id='line_1_20' title="bbox 85 2320 1259 2404; baseline 0 -17"><span class='ocrx_word' id='word_1_155' title='bbox 85 2328 173 2404; x_wconf 84' lang='lat' dir='ltr'><strong>telligi</strong></span> <span class='ocrx_word' id='word_1_156' title='bbox 187 2325 223 2384; x_wconf 90' lang='lat' dir='ltr'><strong>de</strong></span> <span class='ocrx_word' id='word_1_157' title='bbox 234 2324 311 2385; x_wconf 90' lang='lat' dir='ltr'><strong>tideli</strong></span> <span class='ocrx_word' id='word_1_158' title='bbox 323 2320 504 2401; x_wconf 82' lang='lat' dir='ltr'><strong>quocumque</strong></span> <span class='ocrx_word' id='word_1_159' title='bbox 511 2327 560 2401; x_wconf 90' lang='lat' dir='ltr'><strong>qui</strong></span> <span class='ocrx_word' id='word_1_160' title='bbox 571 2326 634 2385; x_wconf 89' lang='lat' dir='ltr'><strong>aliis</strong></span> <span class='ocrx_word' id='word_1_161' title='bbox 645 2326 900 2400; x_wconf 78' lang='lat' dir='ltr'><strong>inrequacumque</strong></span> <span class='ocrx_word' id='word_1_162' title='bbox 910 2327 1022 2403; x_wconf 79' lang='lat' dir='ltr'><strong>presit:</strong></span> <span class='ocrx_word' id='word_1_163' title='bbox 1063 2336 1083 2364; x_wconf 79' lang='lat'><strong>‘⁶</strong></span> <span class='ocrx_word' id='word_1_164' title='bbox 1097 2326 1153 2394; x_wconf 82' lang='lat' dir='ltr'><strong>Qui</strong></span> <span class='ocrx_word' id='word_1_165' title='bbox 1164 2328 1259 2387; x_wconf 85' lang='lat' dir='ltr'><strong>tribuit</strong></span> 
     </span>
     <span class='ocr_line' id='line_1_21' title="bbox 86 2423 1259 2509; baseline -0.002 -22"><span class='ocrx_word' id='word_1_166' title='bbox 86 2425 113 2487; x_wconf 87' lang='lat' dir='ltr'><strong>iu</strong></span> <span class='ocrx_word' id='word_1_167' title='bbox 133 2424 326 2502; x_wconf 87' lang='lat' dir='ltr'><strong>simplicitate,</strong></span> <span class='ocrx_word' id='word_1_168' title='bbox 350 2426 401 2501; x_wconf 77' lang='lat' dir='ltr'><strong>qni</strong></span> <span class='ocrx_word' id='word_1_169' title='bbox 422 2435 518 2503; x_wconf 86' lang='lat' dir='ltr'><strong>preest</strong></span> <span class='ocrx_word' id='word_1_170' title='bbox 541 2426 571 2484; x_wconf 91' lang='lat' dir='ltr'><strong>in</strong></span> <span class='ocrx_word' id='word_1_171' title='bbox 590 2423 779 2509; x_wconf 82' lang='lat' dir='ltr'><strong>solicitudine,</strong></span> <span class='ocrx_word' id='word_1_172' title='bbox 801 2425 850 2498; x_wconf 91' lang='lat' dir='ltr'><strong>qui</strong></span> <span class='ocrx_word' id='word_1_173' title='bbox 871 2426 1020 2483; x_wconf 86' lang='lat' dir='ltr'><strong>miseretur</strong></span> <span class='ocrx_word' id='word_1_174' title='bbox 1037 2426 1067 2484; x_wconf 90' lang='lat' dir='ltr'><strong>in</strong></span> <span class='ocrx_word' id='word_1_175' title='bbox 1089 2424 1259 2486; x_wconf 81' lang='lat' dir='ltr'><strong>hilaritate,”</strong></span> 
     </span>
     <span class='ocr_line' id='line_1_22' title="bbox 88 2521 1259 2599; baseline 0.001 -17"><span class='ocrx_word' id='word_1_176' title='bbox 88 2521 171 2583; x_wconf 80' lang='lat' dir='ltr'><strong>Gerte</strong></span> <span class='ocrx_word' id='word_1_177' title='bbox 184 2542 242 2583; x_wconf 88' lang='lat' dir='ltr'><strong>non</strong></span> <span class='ocrx_word' id='word_1_178' title='bbox 255 2522 323 2582; x_wconf 88' lang='lat' dir='ltr'><strong>licet</strong></span> <span class='ocrx_word' id='word_1_179' title='bbox 335 2541 374 2583; x_wconf 82' lang='lat' dir='ltr'><strong>ex</strong></span> <span class='ocrx_word' id='word_1_180' title='bbox 386 2536 456 2583; x_wconf 77' lang='lat' dir='ltr'><strong>roes</strong></span> <span class='ocrx_word' id='word_1_181' title='bbox 469 2522 540 2581; x_wconf 89' lang='lat' dir='ltr'><strong>adeo</strong></span> <span class='ocrx_word' id='word_1_182' title='bbox 560 2522 692 2599; x_wconf 75' lang='lat' dir='ltr'><strong>ambigua</strong></span> <span class='ocrx_word' id='word_1_183' title='bbox 704 2540 807 2581; x_wconf 82' lang='lat' dir='ltr'><strong>munus</strong></span> <span class='ocrx_word' id='word_1_184' title='bbox 822 2541 925 2591; x_wconf 83' lang='lat' dir='ltr'><strong>novum</strong></span> <span class='ocrx_word' id='word_1_185' title='bbox 940 2524 970 2581; x_wconf 90' lang='lat' dir='ltr'><strong>in</strong></span> <span class='ocrx_word' id='word_1_186' title='bbox 983 2523 1114 2582; x_wconf 86' lang='lat' dir='ltr'><strong>Ecclesia</strong></span> <span class='ocrx_word' id='word_1_187' title='bbox 1127 2534 1259 2592; x_wconf 83' lang='lat' dir='ltr'><strong>statuere,</strong></span> 
     </span>
     <span class='ocr_line' id='line_1_23' title="bbox 88 2619 1259 2697; baseline 0.001 -19"><span class='ocrx_word' id='word_1_188' title='bbox 88 2630 253 2681; x_wconf 74' lang='lat' dir='ltr'><strong>mseoatum</strong></span> <span class='ocrx_word' id='word_1_189' title='bbox 267 2620 401 2680; x_wconf 88' lang='lat' dir='ltr'><strong>laicorum</strong></span> <span class='ocrx_word' id='word_1_190' title='bbox 421 2640 474 2681; x_wconf 87' lang='lat' dir='ltr'><strong>suo</strong></span> <span class='ocrx_word' id='word_1_191' title='bbox 495 2621 610 2696; x_wconf 71' lang='lat' dir='ltr'><strong>iugenio</strong></span> <span class='ocrx_word' id='word_1_192' title='bbox 629 2619 750 2696; x_wconf 77' lang='lat' dir='ltr'><strong>fingere,</strong></span> <span class='ocrx_word' id='word_1_193' title='bbox 767 2620 848 2697; x_wconf 86' lang='lat' dir='ltr'><strong>cnjus</strong></span> <span class='ocrx_word' id='word_1_194' title='bbox 868 2620 977 2679; x_wconf 78' lang='lat' dir='ltr'><strong>nudum</strong></span> <span class='ocrx_word' id='word_1_195' title='bbox 996 2621 1027 2679; x_wconf 88' lang='lat' dir='ltr'><strong>in</strong></span> <span class='ocrx_word' id='word_1_196' title='bbox 1051 2620 1194 2697; x_wconf 86' lang='lat' dir='ltr'><strong>Scriptura</strong></span> <span class='ocrx_word' id='word_1_197' title='bbox 1213 2622 1259 2679; x_wconf 87' lang='lat' dir='ltr'><strong>vel</strong></span> 
     </span>
     <span class='ocr_line' id='line_1_24' title="bbox 87 2717 573 2779; baseline -0.002 -2"><span class='ocrx_word' id='word_1_198' title='bbox 87 2717 286 2779; x_wconf 85' lang='lat' dir='ltr'><strong>Ecclesiastica</strong></span> <span class='ocrx_word' id='word_1_199' title='bbox 296 2719 414 2778; x_wconf 90' lang='lat' dir='ltr'><strong>historia</strong></span> <span class='ocrx_word' id='word_1_200' title='bbox 427 2719 573 2778; x_wconf 86' lang='lat' dir='ltr'><strong>indicium.</strong></span> 
     </span>
    </p>

    <p class='ocr_par' dir='ltr' id='par_1_10' title="bbox 85 2810 1258 3089">
     <span class='ocr_line' id='line_1_25' title="bbox 124 2810 1258 2897; baseline -0.002 -23"><span class='ocrx_word' id='word_1_201' title='bbox 124 2816 191 2897; x_wconf 76' lang='lat' dir='ltr'><strong>Obp&#39;.</strong></span> <span class='ocrx_word' id='word_1_202' title='bbox 205 2822 234 2875; x_wconf 76' lang='lat'><strong>2.</strong></span> <span class='ocrx_word' id='word_1_203' title='bbox 257 2818 363 2876; x_wconf 84' lang='lat' dir='ltr'><strong>Pretcr</strong></span> <span class='ocrx_word' id='word_1_204' title='bbox 375 2816 540 2893; x_wconf 76' lang='lat' dir='ltr'><strong>Apostolos,</strong></span> <span class='ocrx_word' id='word_1_205' title='bbox 555 2814 723 2889; x_wconf 89' lang='lat' dir='ltr'><strong>Prophetas,</strong></span> <span class='ocrx_word' id='word_1_206' title='bbox 738 2812 886 2879; x_wconf 89' lang='lat' dir='ltr'><strong>Doctores,</strong></span> <span class='ocrx_word' id='word_1_207' title='bbox 901 2812 1006 2870; x_wconf 88' lang='lat' dir='ltr'><strong>Paulus</strong></span> <span class='ocrx_word' id='word_1_208' title='bbox 1027 2811 1094 2869; x_wconf 91' lang='lat' dir='ltr'><strong>dicit</strong></span> <span class='ocrx_word' id='word_1_209' title='bbox 1111 2810 1258 2872; x_wconf 84' lang='lat' dir='ltr'><strong>Christum</strong></span> 
     </span>
     <span class='ocr_line' id='line_1_26' title="bbox 86 2907 1258 2991; baseline -0.008 -17"><span class='ocrx_word' id='word_1_210' title='bbox 86 2916 212 2990; x_wconf 86' lang='lat' dir='ltr'><strong>posuisse</strong></span> <span class='ocrx_word' id='word_1_211' title='bbox 226 2915 256 2975; x_wconf 93' lang='lat' dir='ltr'><strong>iu</strong></span> <span class='ocrx_word' id='word_1_212' title='bbox 270 2914 402 2973; x_wconf 86' lang='lat' dir='ltr'><strong>Ecclesia</strong></span> <span class='ocrx_word' id='word_1_213' title='bbox 415 2922 435 2950; x_wconf 80' lang='lat'><strong>‘⁸</strong></span> <span class='ocrx_word' id='word_1_214' title='bbox 445 2910 766 2991; x_wconf 77' lang='lat' dir='ltr'><strong>gubemstiones,&#39;&#39;que</strong></span> <span class='ocrx_word' id='word_1_215' title='bbox 775 2909 812 2969; x_wconf 89' lang='lat' dir='ltr'><strong>de</strong></span> <span class='ocrx_word' id='word_1_216' title='bbox 824 2908 904 2966; x_wconf 88' lang='lat' dir='ltr'><strong>laicis</strong></span> <span class='ocrx_word' id='word_1_217' title='bbox 915 2907 1087 2985; x_wconf 76' lang='lat' dir='ltr'><strong>gubernandi</strong></span> <span class='ocrx_word' id='word_1_218' title='bbox 1100 2907 1176 2965; x_wconf 91' lang='lat' dir='ltr'><strong>dono</strong></span> <span class='ocrx_word' id='word_1_219' title='bbox 1188 2928 1258 2985; x_wconf 80' lang='lat' dir='ltr'><strong>prn-</strong></span> 
     </span>
     <span class='ocr_line' id='line_1_27' title="bbox 85 2998 725 3089; baseline -0.003 -19"><span class='ocrx_word' id='word_1_220' title='bbox 85 3011 148 3071; x_wconf 87' lang='lat' dir='ltr'><strong>ditis</strong></span> <span class='ocrx_word' id='word_1_221' title='bbox 163 3010 357 3089; x_wconf 72' lang='lat' dir='ltr'><strong>intelligendis</strong></span> <span class='ocrx_word' id='word_1_222' title='bbox 366 3020 444 3069; x_wconf 63' lang='lat' dir='ltr'><strong>eunt«</strong></span> <span class='ocrx_word' id='word_1_223' title='bbox 719 2998 725 3009; x_wconf 50' lang='lat'>⁸</span> 
     </span>
    </p>

    <p class='ocr_par' dir='ltr' id='par_1_11' title="bbox 83 3101 1258 3380">
     <span class='ocr_line' id='line_1_28' title="bbox 119 3101 1258 3189; baseline -0.011 -18"><span class='ocrx_word' id='word_1_224' title='bbox 119 3110 209 3189; x_wconf 74' lang='lat' dir='ltr'><strong>Hesp.</strong></span> <span class='ocrx_word' id='word_1_225' title='bbox 230 3109 386 3187; x_wconf 78' lang='lat' dir='ltr'><strong>spostolus</strong></span> <span class='ocrx_word' id='word_1_226' title='bbox 398 3110 472 3167; x_wconf 84' lang='lat' dir='ltr'><strong>inter</strong></span> <span class='ocrx_word' id='word_1_227' title='bbox 483 3106 559 3167; x_wconf 84' lang='lat' dir='ltr'><strong>dona</strong></span> <span class='ocrx_word' id='word_1_228' title='bbox 576 3103 700 3165; x_wconf 84' lang='lat' dir='ltr'><strong>celestia</strong></span> <span class='ocrx_word' id='word_1_229' title='bbox 720 3101 987 3180; x_wconf 81' lang='lat' dir='ltr'><strong>“gubernationes”</strong></span> <span class='ocrx_word' id='word_1_230' title='bbox 1001 3113 1145 3161; x_wconf 84' lang='lat' dir='ltr'><strong>recenset:</strong></span> <span class='ocrx_word' id='word_1_231' title='bbox 1167 3111 1258 3181; x_wconf 77' lang='lat' dir='ltr'><strong>“gra-</strong></span> 
     </span>
     <span class='ocr_line' id='line_1_29' title="bbox 84 3198 1256 3283; baseline -0.009 -16"><span class='ocrx_word' id='word_1_232' title='bbox 84 3209 136 3267; x_wconf 80' lang='lat' dir='ltr'><strong>tiss</strong></span> <span class='ocrx_word' id='word_1_233' title='bbox 147 3209 334 3277; x_wconf 71' lang='lat' dir='ltr'><strong>sumnonem,</strong></span> <span class='ocrx_word' id='word_1_234' title='bbox 347 3205 557 3283; x_wconf 69' lang='lat' dir='ltr'><strong>opitulationes,</strong></span> <span class='ocrx_word' id='word_1_235' title='bbox 569 3202 794 3281; x_wconf 66' lang='lat' dir='ltr'><strong>gubernationes,</strong></span> <span class='ocrx_word' id='word_1_236' title='bbox 807 3219 915 3279; x_wconf 81' lang='lat' dir='ltr'><strong>genera</strong></span> <span class='ocrx_word' id='word_1_237' title='bbox 929 3198 1134 3279; x_wconf 77' lang='lat' dir='ltr'><strong>linguamm.”⁸</strong></span> <span class='ocrx_word' id='word_1_238' title='bbox 1172 3200 1256 3257; x_wconf 89' lang='lat' dir='ltr'><strong>Nihil</strong></span> 
     </span>
     <span class='ocr_line' id='line_1_30' title="bbox 83 3294 1254 3380; baseline -0.009 -16"><span class='ocrx_word' id='word_1_239' title='bbox 83 3316 125 3364; x_wconf 82' lang='lat' dir='ltr'><strong>est</strong></span> <span class='ocrx_word' id='word_1_240' title='bbox 136 3305 213 3380; x_wconf 78' lang='lat' dir='ltr'><strong>qued</strong></span> <span class='ocrx_word' id='word_1_241' title='bbox 226 3305 332 3365; x_wconf 89' lang='lat' dir='ltr'><strong>indicet</strong></span> <span class='ocrx_word' id='word_1_242' title='bbox 344 3320 446 3363; x_wconf 87' lang='lat' dir='ltr'><strong>munus</strong></span> <span class='ocrx_word' id='word_1_243' title='bbox 461 3302 541 3360; x_wconf 89' lang='lat' dir='ltr'><strong>laicis</strong></span> <span class='ocrx_word' id='word_1_244' title='bbox 553 3298 771 3367; x_wconf 70' lang='lat' dir='ltr'><strong>demandatum</strong></span> <span class='ocrx_word' id='word_1_245' title='bbox 785 3297 839 3355; x_wconf 85' lang='lat' dir='ltr'><strong>sed</strong></span> <span class='ocrx_word' id='word_1_246' title='bbox 850 3296 984 3374; x_wconf 86' lang='lat' dir='ltr'><strong>explicari</strong></span> <span class='ocrx_word' id='word_1_247' title='bbox 998 3296 1100 3371; x_wconf 87' lang='lat' dir='ltr'><strong>poterit</strong></span> <span class='ocrx_word' id='word_1_248' title='bbox 1113 3294 1149 3353; x_wconf 86' lang='lat' dir='ltr'><strong>ds</strong></span> <span class='ocrx_word' id='word_1_249' title='bbox 1165 3294 1254 3363; x_wconf 87' lang='lat' dir='ltr'><strong>dono,</strong></span> 
     </span>
    </p>

    <p class='ocr_par' dir='ltr' id='par_1_12' title="bbox 47 3389 1253 3963">
     <span class='ocr_line' id='line_1_31' title="bbox 56 3389 1253 3477; baseline -0.015 -13"><span class='ocrx_word' id='word_1_250' title='bbox 56 3440 61 3445; x_wconf 98' lang='lat'>-</span> <span class='ocrx_word' id='word_1_251' title='bbox 81 3404 200 3477; x_wconf 81' lang='lat' dir='ltr'><strong>quo-qui</strong></span> <span class='ocrx_word' id='word_1_252' title='bbox 213 3403 244 3461; x_wconf 95' lang='lat' dir='ltr'><strong>in</strong></span> <span class='ocrx_word' id='word_1_253' title='bbox 257 3400 389 3459; x_wconf 85' lang='lat' dir='ltr'><strong>Ecclesia</strong></span> <span class='ocrx_word' id='word_1_254' title='bbox 401 3410 535 3476; x_wconf 84' lang='lat' dir='ltr'><strong>presunt,</strong></span> <span class='ocrx_word' id='word_1_255' title='bbox 549 3396 676 3454; x_wconf 88' lang='lat' dir='ltr'><strong>subditos</strong></span> <span class='ocrx_word' id='word_1_256' title='bbox 696 3413 764 3452; x_wconf 91' lang='lat' dir='ltr'><strong>suos</strong></span> <span class='ocrx_word' id='word_1_257' title='bbox 784 3394 902 3452; x_wconf 88' lang='lat' dir='ltr'><strong>feliciter</strong></span> <span class='ocrx_word' id='word_1_258' title='bbox 920 3390 1059 3449; x_wconf 82' lang='lat' dir='ltr'><strong>moderari</strong></span> <span class='ocrx_word' id='word_1_259' title='bbox 1078 3398 1190 3456; x_wconf 90' lang='lat' dir='ltr'><strong>norunt,</strong></span> <span class='ocrx_word' id='word_1_260' title='bbox 1207 3389 1253 3447; x_wconf 82' lang='lat' dir='ltr'><strong>rel</strong></span> 
     </span>
     <span class='ocr_line' id='line_1_32' title="bbox 81 3497 771 3575; baseline -0.016 -16"><span class='ocrx_word' id='word_1_261' title='bbox 81 3500 200 3575; x_wconf 58' lang='lat' dir='ltr'><strong>desilii</strong></span> <span class='ocrx_word' id='word_1_262' title='bbox 212 3516 258 3557; x_wconf 86' lang='lat' dir='ltr'><strong>res</strong></span> <span class='ocrx_word' id='word_1_263' title='bbox 272 3497 626 3557; x_wconf 81' lang='lat' dir='ltr'><strong>sibi-commissaecurant</strong></span> <span class='ocrx_word' id='word_1_264' title='bbox 768 3532 771 3539; x_wconf 84' lang='lat'><em>.</em></span> 
     </span>
     <span class='ocr_line' id='line_1_33' title="bbox 64 3578 1251 3679; baseline -0.01 -28"><span class='ocrx_word' id='word_1_265' title='bbox 64 3652 67 3657; x_wconf 83' lang='grc'>,</span> <span class='ocrx_word' id='word_1_266' title='bbox 96 3590 188 3679; x_wconf 23' lang='grc' dir='ltr'><strong>πω)</strong></span> <span class='ocrx_word' id='word_1_267' title='bbox 204 3601 237 3657; x_wconf 68' lang='lat' dir='ltr'><strong>a,-</strong></span> <span class='ocrx_word' id='word_1_268' title='bbox 254 3605 274 3632; x_wconf 78' lang='lat'><strong>‘⁸</strong></span> <span class='ocrx_word' id='word_1_269' title='bbox 283 3595 345 3662; x_wconf 87' lang='lat' dir='ltr'><strong>Qui</strong></span> <span class='ocrx_word' id='word_1_270' title='bbox 352 3595 424 3671; x_wconf 82' lang='lat' dir='ltr'><strong>bene</strong></span> <span class='ocrx_word' id='word_1_271' title='bbox 437 3599 561 3673; x_wconf 84' lang='lat' dir='ltr'><strong>presunt</strong></span> <span class='ocrx_word' id='word_1_272' title='bbox 574 3586 730 3665; x_wconf 80' lang='lat' dir='ltr'><strong>presbyteri</strong></span> <span class='ocrx_word' id='word_1_273' title='bbox 744 3583 848 3659; x_wconf 92' lang='lat' dir='ltr'><strong>duplici</strong></span> <span class='ocrx_word' id='word_1_274' title='bbox 862 3582 971 3640; x_wconf 90' lang='lat' dir='ltr'><strong>honore</strong></span> <span class='ocrx_word' id='word_1_275' title='bbox 982 3578 1061 3657; x_wconf 77' lang='lat' dir='ltr'><strong>digni</strong></span> <span class='ocrx_word' id='word_1_276' title='bbox 1080 3579 1251 3641; x_wconf 81' lang='lat' dir='ltr'><strong>habeantur:</strong></span> 
     </span>
     <span class='ocr_line' id='line_1_34' title="bbox 75 3672 1251 3768; baseline -0.015 -11"><span class='ocrx_word' id='word_1_277' title='bbox 75 3672 203 3757; x_wconf 66' lang='lat' dir='ltr'><strong>&#39;mere</strong></span> <span class='ocrx_word' id='word_1_278' title='bbox 215 3694 266 3768; x_wconf 86' lang='lat' dir='ltr'><strong>qui</strong></span> <span class='ocrx_word' id='word_1_279' title='bbox 279 3693 406 3751; x_wconf 84' lang='lat' dir='ltr'><strong>laborant</strong></span> <span class='ocrx_word' id='word_1_280' title='bbox 417 3691 448 3751; x_wconf 90' lang='lat' dir='ltr'><strong>in</strong></span> <span class='ocrx_word' id='word_1_281' title='bbox 462 3689 546 3747; x_wconf 82' lang='lat' dir='ltr'><strong>verbo</strong></span> <span class='ocrx_word' id='word_1_282' title='bbox 560 3698 588 3744; x_wconf 87' lang='lat' dir='ltr'><strong>et</strong></span> <span class='ocrx_word' id='word_1_283' title='bbox 601 3680 757 3743; x_wconf 85' lang='lat' dir='ltr'><strong>doctrina.”</strong></span> <span class='ocrx_word' id='word_1_284' title='bbox 782 3678 888 3737; x_wconf 86' lang='lat' dir='ltr'><strong>l..Tim.</strong></span> <span class='ocrx_word' id='word_1_285' title='bbox 899 3696 931 3735; x_wconf 82' lang='grc' dir='ltr'><strong>ἰ.</strong></span> <span class='ocrx_word' id='word_1_286' title='bbox 949 3683 994 3737; x_wconf 84' lang='grc'><strong>17.</strong></span> <span class='ocrx_word' id='word_1_287' title='bbox 1035 3677 1115 3756; x_wconf 76' lang='lat' dir='ltr'><strong>Ergo</strong></span> <span class='ocrx_word' id='word_1_288' title='bbox 1129 3678 1251 3758; x_wconf 81' lang='lat' dir='ltr'><strong>Presby-</strong></span> 
     </span>
     <span class='ocr_line' id='line_1_35' title="bbox 47 3774 1252 3858; baseline -0.003 -17"><span class='ocrx_word' id='word_1_289' title='bbox 47 3792 60 3841; x_wconf 88' lang='grc'><strong>“.</strong></span> <span class='ocrx_word' id='word_1_290' title='bbox 79 3798 200 3853; x_wconf 69' lang='lat' dir='ltr'><strong>mnrnin</strong></span> <span class='ocrx_word' id='word_1_291' title='bbox 214 3800 293 3849; x_wconf 89' lang='lat' dir='ltr'><strong>erant</strong></span> <span class='ocrx_word' id='word_1_292' title='bbox 306 3789 367 3848; x_wconf 81' lang='lat' dir='ltr'><strong>due</strong></span> <span class='ocrx_word' id='word_1_293' title='bbox 378 3774 502 3847; x_wconf 45' lang='lat' dir='ltr'><strong>classes-¹:</strong></span> <span class='ocrx_word' id='word_1_294' title='bbox 523 3784 587 3843; x_wconf 89' lang='lat' dir='ltr'><strong>laici</strong></span> <span class='ocrx_word' id='word_1_295' title='bbox 601 3792 746 3858; x_wconf 74' lang='lat' dir='ltr'><strong>preerant,</strong></span> <span class='ocrx_word' id='word_1_296' title='bbox 761 3777 829 3851; x_wconf 83' lang='lat' dir='ltr'><strong>quin</strong></span> <span class='ocrx_word' id='word_1_297' title='bbox 841 3774 1041 3852; x_wconf 83' lang='lat' dir='ltr'><strong>predicarent:</strong></span> <span class='ocrx_word' id='word_1_298' title='bbox 1063 3776 1111 3833; x_wconf 91' lang='lat' dir='ltr'><strong>alii</strong></span> <span class='ocrx_word' id='word_1_299' title='bbox 1131 3786 1252 3851; x_wconf 88' lang='lat' dir='ltr'><strong>utroque</strong></span> 
     </span>
     <span class='ocr_line' id='line_1_36' title="bbox 79 3888 401 3963; baseline -0.019 -16"><span class='ocrx_word' id='word_1_300' title='bbox 79 3898 194 3947; x_wconf 80' lang='lat' dir='ltr'><strong>munere</strong></span> <span class='ocrx_word' id='word_1_301' title='bbox 206 3888 401 3963; x_wconf 81' lang='lat' dir='ltr'><strong>fungebantur.</strong></span> 
     </span>
    </p>

    <p class='ocr_par' dir='ltr' id='par_1_13' title="bbox 78 3969 1266 4349">
     <span class='ocr_line' id='line_1_37' title="bbox 114 3969 1266 4065; baseline -0.013 -20"><span class='ocrx_word' id='word_1_302' title='bbox 114 3984 205 4065; x_wconf 76' lang='lat' dir='ltr'><strong>Resp.</strong></span> <span class='ocrx_word' id='word_1_303' title='bbox 227 3981 389 4059; x_wconf 87' lang='lat' dir='ltr'><strong>Presbyteri</strong></span> <span class='ocrx_word' id='word_1_304' title='bbox 403 3997 502 4053; x_wconf 85' lang='lat' dir='ltr'><strong>omnes</strong></span> <span class='ocrx_word' id='word_1_305' title='bbox 513 3995 592 4034; x_wconf 87' lang='lat' dir='ltr'><strong>secra</strong></span> <span class='ocrx_word' id='word_1_306' title='bbox 605 3973 765 4031; x_wconf 84' lang='lat' dir='ltr'><strong>auctoritate</strong></span> <span class='ocrx_word' id='word_1_307' title='bbox 778 3969 866 4028; x_wconf 90' lang='lat' dir='ltr'><strong>ornati</strong></span> <span class='ocrx_word' id='word_1_308' title='bbox 880 3978 968 4035; x_wconf 91' lang='lat' dir='ltr'><strong>erant,</strong></span> <span class='ocrx_word' id='word_1_309' title='bbox 982 3986 1047 4025; x_wconf 87' lang='lat' dir='ltr'><strong>nam</strong></span> <span class='ocrx_word' id='word_1_310' title='bbox 1062 3986 1141 4027; x_wconf 87' lang='lat' dir='ltr'><strong>secra</strong></span> <span class='ocrx_word' id='word_1_311' title='bbox 1149 3988 1266 4030; x_wconf 85' lang='lat' dir='ltr'><strong>mune·-</strong></span> 
     </span>
     <span class='ocr_line' id='line_1_38' title="bbox 79 4064 1251 4155; baseline -0.016 -13"><span class='ocrx_word' id='word_1_312' title='bbox 79 4100 107 4142; x_wconf 81' lang='grc' dir='ltr'><strong>ιι</strong></span> <span class='ocrx_word' id='word_1_313' title='bbox 125 4083 232 4155; x_wconf 89' lang='lat' dir='ltr'><strong>ubique</strong></span> <span class='ocrx_word' id='word_1_314' title='bbox 252 4081 281 4138; x_wconf 92' lang='lat' dir='ltr'><strong>in</strong></span> <span class='ocrx_word' id='word_1_315' title='bbox 304 4078 388 4137; x_wconf 87' lang='lat' dir='ltr'><strong>Novo</strong></span> <span class='ocrx_word' id='word_1_316' title='bbox 408 4075 591 4131; x_wconf 80' lang='lat' dir='ltr'><strong>Testamenta</strong></span> <span class='ocrx_word' id='word_1_317' title='bbox 612 4070 647 4126; x_wconf 91' lang='lat' dir='ltr'><strong>iis</strong></span> <span class='ocrx_word' id='word_1_318' title='bbox 668 4069 840 4127; x_wconf 84' lang='lat' dir='ltr'><strong>tribuuntur:</strong></span> <span class='ocrx_word' id='word_1_319' title='bbox 863 4064 913 4122; x_wconf 89' lang='lat' dir='ltr'><strong>ssd</strong></span> <span class='ocrx_word' id='word_1_320' title='bbox 934 4065 980 4121; x_wconf 89' lang='lat' dir='ltr'><strong>alii</strong></span> <span class='ocrx_word' id='word_1_321' title='bbox 1001 4064 1063 4121; x_wconf 89' lang='lat' dir='ltr'><strong>aliis</strong></span> <span class='ocrx_word' id='word_1_322' title='bbox 1083 4067 1251 4140; x_wconf 69' lang='lat' dir='ltr'><strong>prestabant</strong></span> 
     </span>
     <span class='ocr_line' id='line_1_39' title="bbox 79 4161 1251 4257; baseline -0.017 -18"><span class='ocrx_word' id='word_1_323' title='bbox 79 4179 175 4257; x_wconf 78' lang='lat' dir='ltr'><strong>gradu,</strong></span> <span class='ocrx_word' id='word_1_324' title='bbox 190 4186 359 4255; x_wconf 86' lang='lat' dir='ltr'><strong>quapropter</strong></span> <span class='ocrx_word' id='word_1_325' title='bbox 369 4172 403 4230; x_wconf 91' lang='lat' dir='ltr'><strong>de</strong></span> <span class='ocrx_word' id='word_1_326' title='bbox 419 4170 582 4249; x_wconf 77' lang='lat' dir='ltr'><strong>presulibus</strong></span> <span class='ocrx_word' id='word_1_327' title='bbox 594 4167 692 4224; x_wconf 79' lang='lat' dir='ltr'><strong>merito</strong></span> <span class='ocrx_word' id='word_1_328' title='bbox 703 4164 834 4240; x_wconf 86' lang='lat' dir='ltr'><strong>iutelligit</strong></span> <span class='ocrx_word' id='word_1_329' title='bbox 847 4161 1115 4238; x_wconf 85' lang='lat' dir='ltr'><strong>S.·Ghrysostomus</strong></span> <span class='ocrx_word' id='word_1_330' title='bbox 1130 4164 1251 4239; x_wconf 83' lang='lat' dir='ltr'><strong>Aposto-</strong></span> 
     </span>
     <span class='ocr_line' id='line_1_40' title="bbox 78 4258 1250 4349; baseline -0.015 -15"><span class='ocrx_word' id='word_1_331' title='bbox 78 4275 135 4337; x_wconf 88' lang='lat' dir='ltr'><strong>lum</strong></span> <span class='ocrx_word' id='word_1_332' title='bbox 154 4275 244 4349; x_wconf 88' lang='lat' dir='ltr'><strong>loqui.</strong></span> <span class='ocrx_word' id='word_1_333' title='bbox 286 4273 348 4331; x_wconf 88' lang='lat' dir='ltr'><strong>Hos</strong></span> <span class='ocrx_word' id='word_1_334' title='bbox 362 4286 461 4329; x_wconf 90' lang='lat' dir='ltr'><strong>omnes</strong></span> <span class='ocrx_word' id='word_1_335' title='bbox 475 4265 589 4340; x_wconf 90' lang='lat' dir='ltr'><strong>quidem</strong></span> <span class='ocrx_word' id='word_1_336' title='bbox 604 4263 680 4320; x_wconf 83' lang='lat' dir='ltr'><strong>verbi</strong></span> <span class='ocrx_word' id='word_1_337' title='bbox 694 4259 884 4338; x_wconf 82' lang='lat' dir='ltr'><strong>predicationi</strong></span> <span class='ocrx_word' id='word_1_338' title='bbox 898 4266 927 4314; x_wconf 85' lang='lat' dir='ltr'><strong>et</strong></span> <span class='ocrx_word' id='word_1_339' title='bbox 940 4258 1064 4339; x_wconf 83' lang='lat' dir='ltr'><strong>fidelium</strong></span> <span class='ocrx_word' id='word_1_340' title='bbox 1075 4278 1160 4318; x_wconf 79' lang='lat' dir='ltr'><strong>sacre</strong></span> <span class='ocrx_word' id='word_1_341' title='bbox 1171 4259 1250 4316; x_wconf 90' lang='lat' dir='ltr'><strong>insti·</strong></span> 
     </span>
    </p>
   </div>
   <div class='ocr_carea' id='block_1_7' title="bbox 461 4420 784 4651">
    <p class='ocr_par' dir='ltr' id='par_1_14' title="bbox 461 4420 784 4651">
     <span class='ocr_line' id='line_1_41' title="bbox 461 4420 709 4489; baseline -0.036 -15"><span class='ocrx_word' id='word_1_342' title='bbox 461 4425 495 4485; x_wconf 85' lang='lat' dir='ltr'><strong>(l)</strong></span> <span class='ocrx_word' id='word_1_343' title='bbox 508 4423 561 4472; x_wconf 75' lang='lat' dir='ltr'><strong>Arc</strong></span> <span class='ocrx_word' id='word_1_344' title='bbox 573 4420 661 4469; x_wconf 81' lang='lat' dir='ltr'><strong>xxxvii.</strong></span> <span class='ocrx_word' id='word_1_345' title='bbox 705 4484 709 4489; x_wconf 30' lang='grc' dir='ltr'>Ι</span> 
     </span>
     <span class='ocr_line' id='line_1_42' title="bbox 462 4498 784 4569; baseline -0.034 -12"><span class='ocrx_word' id='word_1_346' title='bbox 462 4506 497 4569; x_wconf 68' lang='lat'><strong>(2)</strong></span> <span class='ocrx_word' id='word_1_347' title='bbox 510 4506 570 4555; x_wconf 87' lang='lat' dir='ltr'><strong>Inst.</strong></span> <span class='ocrx_word' id='word_1_348' title='bbox 582 4504 597 4552; x_wconf 89' lang='lat' dir='ltr'><strong>l.</strong></span> <span class='ocrx_word' id='word_1_349' title='bbox 609 4504 639 4553; x_wconf 85' lang='lat' dir='ltr'><strong>iv.</strong></span> <span class='ocrx_word' id='word_1_350' title='bbox 651 4519 671 4550; x_wconf 87' lang='lat' dir='ltr'><strong>c.</strong></span> <span class='ocrx_word' id='word_1_351' title='bbox 681 4502 716 4549; x_wconf 91' lang='lat' dir='ltr'><strong>iii.</strong></span> <span class='ocrx_word' id='word_1_352' title='bbox 727 4516 749 4547; x_wconf 93' lang='lat' dir='ltr'><strong>n.</strong></span> <span class='ocrx_word' id='word_1_353' title='bbox 763 4498 784 4547; x_wconf 84' lang='grc'><strong>8.</strong></span> 
     </span>
     <span class='ocr_line' id='line_1_43' title="bbox 461 4585 692 4651; baseline -0.03 -13"><span class='ocrx_word' id='word_1_354' title='bbox 461 4591 498 4651; x_wconf 85' lang='grc'><strong>(3)</strong></span> <span class='ocrx_word' id='word_1_355' title='bbox 511 4590 522 4637; x_wconf 93' lang='lat' dir='ltr'><strong>l</strong></span> <span class='ocrx_word' id='word_1_356' title='bbox 535 4588 591 4636; x_wconf 83' lang='lat' dir='ltr'><strong>Cor.</strong></span> <span class='ocrx_word' id='word_1_357' title='bbox 604 4587 644 4635; x_wconf 82' lang='lat' dir='ltr'><strong>xii.</strong></span> <span class='ocrx_word' id='word_1_358' title='bbox 653 4585 692 4632; x_wconf 76' lang='lat'><strong>28.</strong></span> 
     </span>
    </p>
   </div>
   <div class='ocr_carea' id='block_1_8' title="bbox 0 0 1374 5032">
    <p class='ocr_par' dir='ltr' id='par_1_15' title="bbox 0 0 1374 5032">
     <span class='ocr_line' id='line_1_44' title="bbox 0 0 1374 5032; baseline 0 5"><span class='ocrx_word' id='word_1_359' title='bbox 0 0 1374 5032; x_wconf 95' lang='lat' dir='ltr'><strong> </strong></span> 
     </span>
    </p>
   </div>
  </div>
 </body>
</html>
