2738 5032
118 264 179 321 aaa
294 242 312 255 “·
368 258 426 321 nn
445 258 807 323 ιιοοιοιιοιιιιιι
827 260 1056 325 accusarat.

116 419 257 489 Periere,
270 418 412 495 quidquid
429 416 465 477 de
479 419 573 479 valore
594 420 656 498 ejus
671 420 853 481 ordinationis
873 424 978 483 sentire
994 420 1184 500 placeat'dici
1204 419 1304 500 poterit

119 519 213 577 verbis
227 517 387 595 Cypriani:
409 514 517 577 “Cum
531 518 599 575 sita
613 516 731 577 Christo
743 538 799 578 una
813 519 945 578 Ecclesia
958 537 1010 597 per
1020 530 1109 578 toturn
1124 519 1262 579 mundum
1274 520 1302 578 in

118 615 207 675 multa
222 616 348 674 membra
360 612 464 682 divisa,
476 614 544 679 item
559 615 741 691 episcopatus
755 634 830 674 unus
844 618 1045 697 episcoporum
1065 617 1219 675 multorum
1238 628 1303 676 uon·

117 713 197 772 cordi
211 714 410 771 numerositate
430 711 563 779 diffusus,
577 712 636 769 ille
646 722 712 788 post
730 712 787 771 Dei
800 714 1004 782 traditionem,
1010 725 1077 792 post
1095 732 1256 774 connexam
1275 724 1303 772 at

116 809 223 882 ubique
243 810 424 887 conjunctam
438 809 596 867 catholice
615 809 754 868 Ecclesia
772 811 918 880 unitatem,
933 811 1085 927 humanum
1107 812 1229 891 conetur¹
1248 812 1303 873 Eo·

116 907 234 966 alesiam
248 907 362 967 lacere!
366 907 388 942 '¹
813 924 816 931 ·
1264 950 1272 963 .

161 1005 226 1085 oaj.
243 1012 272 1065 b.
294 1007 476 1078 Quicumque
499 1007 616 1064 verbum
636 1005 735 1064 Dei'
712 1025 822 1064 srnoere
841 1006 993 1083 pradicant
1013 1015 1080 1064 sunt
1099 1006 1306 1084 Apostolorum

115 1105 177 1165 reri
191 1120 390 1165 successores.
412 1105 585 1178 quicumque
600 1104 669 1163 illud
682 1105 796 1163 novitiis
810 1106 980 1165 commentis
990 1105 1147 1167 adulterant
1159 1102 1304 1182 Apostoli·

117 1219 158 1258 coe
173 1200 306 1259 doctrinae
318 1211 498 1278 corruptores
510 1200 624 1259 dicendi
635 1212 710 1269 sunt,
723 1219 931 1277 quamcumque
943 1204 1158 1285 successionem
1173 1203 1305 1280 praesese·

118 1310 191 1358 rant
311 1320 314 1325 “
601 1312 606 1320 ’

155 1371 246 1474 Hesp.
267 1396 364 1464 Quum
379 1396 512 1456 Christus
526 1415 585 1455 non
598 1396 731 1454 omnibus
750 1397 810 1455 suis
819 1395 983 1474 discipulis,
998 1396 1049 1456 sed
1063 1396 1216 1457 duodecim
1231 1416 1305 1472 quoa

115 1493 211 1568 elegit,
221 1495 418 1571 Apostolieum
428 1493 638 1553 demandaverit
647 1512 763 1565 munus,
775 1506 851 1572 patet
861 1514 964 1567 nones
973 1496 1179 1593 cujuscumque
1190 1496 1306 1556 arbitrio

115 1590 252 1668 pendere,
266 1601 297 1648 ut
310 1590 380 1649 illud
393 1591 449 1649 sibi
462 1602 589 1670 usurpet,
604 1592 661 1655 sed
656 1613 711 1652 ex
724 1593 835 1652 Ohristi
849 1594 1004 1661 voluntate,
1018 1612 1082 1666 qnae
1096 1593 1163 1669 ipso
1173 1588 1305 1653 interris

111 1689 174 1779 jam
188 1706 247 1748 nou
260 1708 292 1747 se
306 1689 458 1750 videndum
469 1692 622 1768 prebente,
632 1704 708 1750 certo
719 1690 815 1764 aliquo
829 1691 894 1759 ritu,
904 1691 950 1749 vel
961 1700 1024 1749 actu
1037 1678 1272 1768 ιιιοοιοιοιιιιιι,Ι
1263 1710 1306 1750 ιιι·

114 1786 248 1855 notuerit,
263 1797 291 1846 οι
312 1806 364 1865 per
377 1788 546 1847 seculorum
562 1789 665 1847 seriem
679 1789 856 1871 innotescere
870 1788 960 1847 simili
979 1786 1102 1862 quodam
1116 1787 1172 1846 ritu
1192 1786 1303 1846 debeat.

94 1936 98 1947 ,
113 1884 204 1963 Igitur
218 1885 273 1946 soli
285 1884 399 1945 dicendi
413 1896 480 1945 sunt
492 1886 694 1964 Apostolorum
708 1904 900 1956 successores,
916 1905 965 1960 qur
957 1885 1081 1948 ’‘sedea
1074 1905 1105 1953 ιιι
1115 1887 1221 1961 quibus
1234 1896 1306 1965 prbr·

113 1984 225 2044 lucrant
234 1958 526 2062 Apostolioccupant,
538 2004 657 2058 quarum
668 1986 762 2052 unica,
775 1985 905 2045 Romana
915 1985 1034 2067 scilieet,
1045 1978 1187 2062 superest,
1200 1985 1306 2059 velqui

112 2083 213 2142 saltem
228 2081 264 2141 ad
284 2082 410 2141 muneris
430 2083 589 2159 Apostolici
602 2083 768 2142 exercitium
784 2084 923 2161 assumpti
940 2093 1016 2150 sunt,
1033 2091 1063 2141 et
1075 2080 1137 2140 sedi
1150 2081 1193 2143 illi
1211 2083 1306 2142 unicas

112 2180 265 2240 adherent.
306 2179 452 2254 Equidem
472 2180 573 2239 frustm
592 2199 623 2239 se
643 2181 700 2239 Dei
723 2181 759 2241 ad
776 2182 908 2243 homines
924 2181 1062 2259 lagoum,-
1084 2172 1215 2239 divinum
1234 2200 1308 2258 praa·

112 2278 270 2338 dicaturum
283 2278 411 2349 verbnm,
427 2279 491 2353 quis
509 2279 606 2356 jactat,
621 2281 671 2354 qul
690 2280 839 2357 legationis
858 2279 1059 2338 documentum
1075 2274 1195 2337 nullum
1210 2279 1306 2339 affert:

113 2376 197 2465 Quod
211 2385 305 2435 autem
319 2375 354 2434 de
374 2374 576 2453 Apostolorum
595 2378 809 2435 successoribus
826 2377 972 2435 veritatem
991 2375 1144 2455 Evangelii
1165 2374 1305 2471 humanis

112 2456 281 2530 commentis
295 2473 508 2543 obscurantibus
523 2474 665 2549 asseritur,
680 2468 846 2550 probatione
861 2472 1025 2551 indiget'

491 2714 494 2719 .
588 2650 773 2715 ΡΒΩΡΟΕῙΤΙΟ
787 2619 821 2697 ll·

137 2783 318 2874 Apostollca
331 2816 398 2861 cens
385 2784 473 2857 ende
492 2806 536 2856 est
551 2796 691 2866 doctrina,
703 2798 820 2872 quaein
840 2794 1010 2857 Ecclesiis'
1002 2816 1032 2856 ιιι
1052 2776 1162 2879 quibus
1169 2768 1302 2871 servatur

110 2896 258 2967 successio
271 2895 433 2985 Apostoliqi
446 2895 608 3029 ministerii,
621 2894 748 2970 quolibet
761 2876 877 3013 seculo,
892 2892 1007 2995 publice
1018 2903 1047 2954 et
1057 2892 1222 2955 solemniter
1238 2882 1308 2975 pru-

110 2991 227 3069 pouitur
241 2990 442 3050 credenda.'
1019 3013 1027 3036 ³

119 3087 291 3159 Probatur
303 3106 341 3145 ex
355 3088 519 3164 scripturis.
561 3081 695 3147 Christus
709 3087 860 3169 perpetud
860 3107 891 3147 se
909 3088 960 3149 ads
945 3088 1070 3149 sutorum
1084 3062 1236 3175 apostolis
1254 3088 1308 3151 do·

110 3184 246 3259 centibus
253 3184 386 3243 omnibus
400 3184 500 3270 diebus
514 3185 657 3262 pollicitos
671 3194 730 3261 est.
753 3204 821 3263 ergo
835 3185 961 3265 doctrina
974 3186 1133 3264 Apostolici
1146 3182 1306 3247 ministerii

108 3288 225 3375 semper
244 3280 374 3341 habenda
393 3290 437 3338 est
457 3281 520 3359 ipsa
539 3299 625 3355 qnam
646 3250 819 3341 tradiderunt
837 3282 987 3361 Apostoli:
1009 3301 1076 3342 nam
1094 3280 1167 3365 ideo
1185 3282 1302 3397 Christi

108 3379 262 3459 presentia
268 3388 304 3438 ”et
318 3365 456 3455 auxilium
470 3379 682 3456 promittuntur.

149 3478 299 3538 Probatur'
301 3477 386 3535 etiam
401 3495 438 3535 ex
451 3476 537 3535 totius
559 3474 731 3550 antiquitatis
747 3474 917 3536 Christianae
938 3468 1036 3536 sensu,
1076 3470 1306 3567 consueverunt

107 3574 305 3648 antiquissimi
307 3560 474 3657 Scriptores
489 3560 575 3631 tidem
596 3573 736 3653 Ecclesia
750 3592 943 3643 communem,
958 3582 1102 3662 tamquam
1111 3548 1306 3665 apostolius

106 3668 242 3729 doctrina
257 3671 448 3731 certissimum
458 3669 608 3739 indiciam,
623 3671 776 3749 appellare.
818 3670 896 3729 Hinc
907 3670 1032 3730 Ireuaeus
1043 3641 1205 3733 bardaibus
1217 3675 1306 3735 raalai

106 3750 225 3826 tendum
239 3768 357 3827 docet“
367 3788 419 3847 pro
433 3768 494 3828 sola
507 3784 574 3828 vera
588 3789 627 3828 ac
622 3769 753 3828 vivifica
761 3767 827 3836 fide',
843 3786 928 3843 quam
949 3770 983 3828 ab
997 3770 1144 3847 Apostolis
1166 3771 1305 3831 Ecclesia

83 3933 86 3939 Ι
107 3864 244 3963 percepit,
258 3875 288 3922 et
301 3864 441 3924 distribuit
454 3866 521 3923 filiis
533 3866 603 3924 suis.
606 3864 642 3899 ”¹
661 3863 760 3923 Refert
770 3863 917 3924 haereticos
928 3860 1179 3943 huicilpostoliooe
1191 3867 1307 3945 regulas·

108 3958 309 4040 repugnaret‘
313 3971 393 4021 ‘cum
405 3971 498 4021 autern
512 3960 547 4023 ad
562 3980 625 4020 earn
639 3962 740 4020 iterum
755 3960 943 4031 traditionem,
954 3956 1057 4039 qua
1031 3972 1076 4020 est
1088 3963 1122 4021 ab
1134 3962 1300 4041 Apostolis,

108 4079 173 4159 quae
192 4079 244 4137 per
256 4062 452 4141 successiones
467 4060 732 4147 Presbyteromm'
724 4079 754 4117 ιιι
774 4059 913 4119 Ecclesiis
928 4058 1093 4130 custoditur,
1109 4080 1306 4139 provocamus

107 4154 169 4237 eus,
184 4156 366 4221 adversantur
380 4137 542 4217 traditioni!
546 4157 584 4192 ’⁸
601 4154 685 4229 Eam
697 4154 841 4234 appellat
833 4177 863 4216 ιιι
877 4138 1073 4236 argumentum
1087 4159 1304 4245 Apostolorum

106 4257 297 4343 ιοοιιιιιοιι·
300 4255 519 4319 traditionem
511 4265 606 4330 itaque
620 4255 845 4333 Apostolorum
835 4275 868 4316 ιιι
882 4266 949 4316 ιοιο.
954 4254 1061 4316 mundo
1075 4255 1303 4330 manifestatam,

443 4450 534 4511 (1)
552 4448 599 4515 Ep.
609 4449 649 4500 52.
660 4466 684 4515 p.
678 4448 744 4499 130
756 4450 793 4499 ed
804 4448 868 4500 wir.
929 4452 931 4457 ’

452 4611 454 4614 Ι
498 4532 535 4594 (1)
551 4533 733 4584 Praetuttii
745 4533 869 4586 adabert.

500 4615 683 4678 wimod
