<?xml version="1.0" encoding="UTF-8"?>
<!DOCTYPE html PUBLIC "-//W3C//DTD XHTML 1.0 Transitional//EN"
    "http://www.w3.org/TR/xhtml1/DTD/xhtml1-transitional.dtd">
<html xmlns="http://www.w3.org/1999/xhtml" xml:lang="en" lang="en">
 <head>
  <title>
</title>
<meta http-equiv="Content-Type" content="text/html;charset=utf-8" />
  <meta name='ocr-system' content='tesseract 3.04.00' />
  <meta name='ocr-capabilities' content='ocr_page ocr_carea ocr_par ocr_line ocrx_word'/>
</head>
<body>
  <div class='ocr_page' id='page_1' title='image "./theologidogmati00kenrgoog_0059.png"; bbox 0 0 2738 5032; ppageno 0'>
   <div class='ocr_carea' id='block_1_1' title="bbox 89 252 824 314">
    <p class='ocr_par' dir='ltr' id='par_1_1' title="bbox 89 252 824 314">
     <span class='ocr_line' id='line_1_1' title="bbox 89 252 824 314; baseline 0.003 -3"><span class='ocrx_word' id='word_1_1' title='bbox 89 253 128 311; x_wconf 82' lang='grc'>33</span> <span class='ocrx_word' id='word_1_2' title='bbox 525 253 580 314; x_wconf 79' lang='grc' dir='ltr'>ΒΕ</span> <span class='ocrx_word' id='word_1_3' title='bbox 601 252 824 314; x_wconf 71' lang='lat' dir='ltr'>Hieromus</span> 
     </span>
    </p>
   </div>
   <div class='ocr_carea' id='block_1_2' title="bbox 74 408 1285 3877">
    <p class='ocr_par' dir='ltr' id='par_1_2' title="bbox 89 408 1279 566">
     <span class='ocr_line' id='line_1_2' title="bbox 89 408 1279 491; baseline 0.003 -25"><span class='ocrx_word' id='word_1_4' title='bbox 89 408 240 479; x_wconf 72' lang='lat' dir='ltr'>tissimum,</span> <span class='ocrx_word' id='word_1_5' title='bbox 250 412 450 489; x_wconf 88' lang='lat' dir='ltr'>reciprocantis</span> <span class='ocrx_word' id='word_1_6' title='bbox 462 422 550 471; x_wconf 84' lang='lat' dir='ltr'>oestus</span> <span class='ocrx_word' id='word_1_7' title='bbox 564 423 701 491; x_wconf 86' lang='lat' dir='ltr'>tempore,</span> <span class='ocrx_word' id='word_1_8' title='bbox 710 414 788 471; x_wconf 90' lang='lat' dir='ltr'>sicco</span> <span class='ocrx_word' id='word_1_9' title='bbox 803 413 873 470; x_wconf 88' lang='lat' dir='ltr'>mari</span> <span class='ocrx_word' id='word_1_10' title='bbox 886 413 1048 475; x_wconf 84' lang='lat' dir='ltr'>universam</span> <span class='ocrx_word' id='word_1_11' title='bbox 1062 408 1279 478; x_wconf 84' lang='lat' dir='ltr'>multitudinem</span> 
     </span>
     <span class='ocr_line' id='line_1_3' title="bbox 89 509 328 566; baseline 0.004 -1"><span class='ocrx_word' id='word_1_12' title='bbox 89 509 328 566; x_wconf 79' lang='lat' dir='ltr'>trrrnsmisisse.”1</span> 
     </span>
    </p>

    <p class='ocr_par' dir='ltr' id='par_1_3' title="bbox 86 601 1281 1846">
     <span class='ocr_line' id='line_1_4' title="bbox 127 601 1274 682; baseline 0 -22"><span class='ocrx_word' id='word_1_13' title='bbox 127 601 216 681; x_wconf 80' lang='lat' dir='ltr'>Reep.</span> <span class='ocrx_word' id='word_1_14' title='bbox 238 605 290 665; x_wconf 90' lang='lat' dir='ltr'>Illa</span> <span class='ocrx_word' id='word_1_15' title='bbox 314 605 536 682; x_wconf 80' lang='lat' dir='ltr'>Memphitarum</span> <span class='ocrx_word' id='word_1_16' title='bbox 561 605 671 664; x_wconf 89' lang='lat' dir='ltr'>traditio</span> <span class='ocrx_word' id='word_1_17' title='bbox 692 624 778 679; x_wconf 84' lang='lat' dir='ltr'>quarn</span> <span class='ocrx_word' id='word_1_18' title='bbox 803 605 908 680; x_wconf 81' lang='lat' dir='ltr'><strong>profert</strong></span> <span class='ocrx_word' id='word_1_19' title='bbox 927 603 1274 682; x_wconf 71' lang='lat' dir='ltr'>Artapanus,Mosaieam</span> 
     </span>
     <span class='ocr_line' id='line_1_5' title="bbox 89 702 1278 777; baseline 0.001 -20"><span class='ocrx_word' id='word_1_20' title='bbox 89 703 277 761; x_wconf 73' lang='lat' dir='ltr'><strong>narrationem</strong></span> <span class='ocrx_word' id='word_1_21' title='bbox 290 703 327 761; x_wconf 88' lang='lat' dir='ltr'>de</span> <span class='ocrx_word' id='word_1_22' title='bbox 340 705 457 762; x_wconf 88' lang='lat' dir='ltr'>transitu</span> <span class='ocrx_word' id='word_1_23' title='bbox 472 703 661 762; x_wconf 88' lang='lat' dir='ltr'>Israelitarum</span> <span class='ocrx_word' id='word_1_24' title='bbox 681 702 837 770; x_wconf 88' lang='lat' dir='ltr'>confirmat,</span> <span class='ocrx_word' id='word_1_25' title='bbox 853 704 981 776; x_wconf 90' lang='lat' dir='ltr'>quamvis</span> <span class='ocrx_word' id='word_1_26' title='bbox 993 703 1096 777; x_wconf 83' lang='lat' dir='ltr'>&#39;siccati</span> <span class='ocrx_word' id='word_1_27' title='bbox 1110 702 1198 767; x_wconf 87' lang='lat' dir='ltr'>maris</span> <span class='ocrx_word' id='word_1_28' title='bbox 1211 720 1278 759; x_wconf 91' lang='lat' dir='ltr'>cau-</span> 
     </span>
     <span class='ocr_line' id='line_1_6' title="bbox 89 797 1280 905; baseline 0.002 -52"><span class='ocrx_word' id='word_1_29' title='bbox 89 813 152 854; x_wconf 85' lang='lat' dir='ltr'>sam</span> <span class='ocrx_word' id='word_1_30' title='bbox 176 798 247 856; x_wconf 79' lang='lat' dir='ltr'>lslso</span> <span class='ocrx_word' id='word_1_31' title='bbox 271 810 300 857; x_wconf 93' lang='lat' dir='ltr'>et</span> <span class='ocrx_word' id='word_1_32' title='bbox 323 800 551 859; x_wconf 87' lang='lat' dir='ltr'>inrerosimiliter</span> <span class='ocrx_word' id='word_1_33' title='bbox 574 798 715 859; x_wconf 83' lang='lat' dir='ltr'>refluxum</span> <span class='ocrx_word' id='word_1_34' title='bbox 739 800 880 859; x_wconf 79' lang='lat' dir='ltr'><strong>exhibeat.</strong></span> <span class='ocrx_word' id='word_1_35' title='bbox 915 800 994 867; x_wconf 89' lang='lat' dir='ltr'>Quis</span> <span class='ocrx_word' id='word_1_36' title='bbox 1017 801 1072 858; x_wconf 90' lang='lat' dir='ltr'>sibi</span> <span class='ocrx_word' id='word_1_37' title='bbox 1094 797 1280 905; x_wconf 77' lang='lat' dir='ltr'>persuadebit</span> 
     </span>
     <span class='ocr_line' id='line_1_7' title="bbox 91 890 1281 977; baseline 0.003 -29"><span class='ocrx_word' id='word_1_38' title='bbox 91 890 206 950; x_wconf 91' lang='lat' dir='ltr'>Mosem</span> <span class='ocrx_word' id='word_1_39' title='bbox 221 896 347 970; x_wconf 90' lang='lat' dir='ltr'>potuisse</span> <span class='ocrx_word' id='word_1_40' title='bbox 363 897 434 972; x_wconf 88' lang='lat' dir='ltr'>ipsis</span> <span class='ocrx_word' id='word_1_41' title='bbox 449 896 583 955; x_wconf 82' lang='lat' dir='ltr'>Israelitis</span> <span class='ocrx_word' id='word_1_42' title='bbox 598 896 725 962; x_wconf 90' lang='lat' dir='ltr'>testibus,</span> <span class='ocrx_word' id='word_1_43' title='bbox 737 896 839 953; x_wconf 85' lang='lat' dir='ltr'>relerre</span> <span class='ocrx_word' id='word_1_44' title='bbox 854 915 941 967; x_wconf 87' lang='lat' dir='ltr'>aquas</span> <span class='ocrx_word' id='word_1_45' title='bbox 955 917 971 953; x_wconf 87' lang='lat' dir='ltr'>a</span> <span class='ocrx_word' id='word_1_46' title='bbox 983 896 1106 954; x_wconf 80' lang='lat' dir='ltr'>dexteris</span> <span class='ocrx_word' id='word_1_47' title='bbox 1120 907 1149 953; x_wconf 91' lang='lat' dir='ltr'>et</span> <span class='ocrx_word' id='word_1_48' title='bbox 1161 914 1179 954; x_wconf 84' lang='lat' dir='ltr'>n</span> <span class='ocrx_word' id='word_1_49' title='bbox 1193 894 1281 977; x_wconf 79' lang='lat' dir='ltr'>sinis·</span> 
     </span>
     <span class='ocr_line' id='line_1_8' title="bbox 89 987 1277 1060; baseline 0.002 -15"><span class='ocrx_word' id='word_1_50' title='bbox 89 987 139 1045; x_wconf 88' lang='lat' dir='ltr'>tris</span> <span class='ocrx_word' id='word_1_51' title='bbox 154 988 242 1047; x_wconf 89' lang='lat' dir='ltr'>instar</span> <span class='ocrx_word' id='word_1_52' title='bbox 255 991 328 1049; x_wconf 89' lang='lat' dir='ltr'>muri</span> <span class='ocrx_word' id='word_1_53' title='bbox 342 993 487 1060; x_wconf 70' lang='lat' dir='ltr'>stetisse,¹</span> <span class='ocrx_word' id='word_1_54' title='bbox 506 993 532 1050; x_wconf 90' lang='lat' dir='ltr'>si</span> <span class='ocrx_word' id='word_1_55' title='bbox 546 1002 652 1049; x_wconf 84' lang='lat' dir='ltr'>tantum</span> <span class='ocrx_word' id='word_1_56' title='bbox 664 993 773 1059; x_wconf 87' lang='lat' dir='ltr'>sensim</span> <span class='ocrx_word' id='word_1_57' title='bbox 794 992 856 1049; x_wconf 89' lang='lat' dir='ltr'>sine</span> <span class='ocrx_word' id='word_1_58' title='bbox 870 1008 955 1050; x_wconf 85' lang='lat' dir='ltr'>sensu</span> <span class='ocrx_word' id='word_1_59' title='bbox 970 991 1158 1050; x_wconf 67' lang='lat' dir='ltr'>recesserint!</span> <span class='ocrx_word' id='word_1_60' title='bbox 1201 990 1277 1057; x_wconf 88' lang='lat' dir='ltr'>Quis</span> 
     </span>
     <span class='ocr_line' id='line_1_9' title="bbox 89 1084 1275 1168; baseline 0.003 -24"><span class='ocrx_word' id='word_1_61' title='bbox 89 1104 141 1163; x_wconf 87' lang='lat' dir='ltr'>per</span> <span class='ocrx_word' id='word_1_62' title='bbox 160 1087 382 1147; x_wconf 86' lang='lat' dir='ltr'>brevissimum</span> <span class='ocrx_word' id='word_1_63' title='bbox 375 1092 508 1167; x_wconf 75' lang='lat' dir='ltr'>emporis</span> <span class='ocrx_word' id='word_1_64' title='bbox 523 1091 660 1167; x_wconf 86' lang='lat' dir='ltr'>spatium,</span> <span class='ocrx_word' id='word_1_65' title='bbox 671 1108 777 1165; x_wconf 86' lang='lat' dir='ltr'>perque</span> <span class='ocrx_word' id='word_1_66' title='bbox 792 1084 864 1147; x_wconf 86' lang='lat' dir='ltr'>alvei</span> <span class='ocrx_word' id='word_1_67' title='bbox 885 1102 1030 1168; x_wconf 86' lang='lat' dir='ltr'>angustam</span> <span class='ocrx_word' id='word_1_68' title='bbox 1046 1101 1166 1166; x_wconf 89' lang='lat' dir='ltr'>partem,</span> <span class='ocrx_word' id='word_1_69' title='bbox 1181 1106 1275 1165; x_wconf 89' lang='lat' dir='ltr'>popu·</span> 
     </span>
     <span class='ocr_line' id='line_1_10' title="bbox 87 1172 1278 1265; baseline 0.001 -24"><span class='ocrx_word' id='word_1_70' title='bbox 87 1184 159 1250; x_wconf 84' lang='lat' dir='ltr'>lum,</span> <span class='ocrx_word' id='word_1_71' title='bbox 184 1186 234 1258; x_wconf 90' lang='lat' dir='ltr'>qni</span> <span class='ocrx_word' id='word_1_72' title='bbox 257 1186 339 1245; x_wconf 82' lang='lat' dir='ltr'>facile</span> <span class='ocrx_word' id='word_1_73' title='bbox 364 1189 486 1265; x_wconf 84' lang='lat' dir='ltr'>vigesies</span> <span class='ocrx_word' id='word_1_74' title='bbox 511 1172 588 1245; x_wconf 88' lang='lat' dir='ltr'>mille</span> <span class='ocrx_word' id='word_1_75' title='bbox 612 1187 760 1245; x_wconf 87' lang='lat' dir='ltr'>hominum</span> <span class='ocrx_word' id='word_1_76' title='bbox 784 1190 959 1254; x_wconf 87' lang='lat' dir='ltr'>numerabat,</span> <span class='ocrx_word' id='word_1_77' title='bbox 986 1189 1132 1246; x_wconf 85' lang='lat' dir='ltr'>transiisse</span> <span class='ocrx_word' id='word_1_78' title='bbox 1157 1186 1278 1247; x_wconf 80' lang='lat' dir='ltr'>eredett</span> 
     </span>
     <span class='ocr_line' id='line_1_11' title="bbox 89 1281 1277 1363; baseline 0.002 -23"><span class='ocrx_word' id='word_1_79' title='bbox 89 1281 161 1348; x_wconf 89' lang='lat' dir='ltr'>Quis</span> <span class='ocrx_word' id='word_1_80' title='bbox 181 1284 242 1342; x_wconf 91' lang='lat' dir='ltr'>sibi·</span> <span class='ocrx_word' id='word_1_81' title='bbox 256 1285 344 1362; x_wconf 85' lang='lat' dir='ltr'>finget</span> <span class='ocrx_word' id='word_1_82' title='bbox 364 1287 541 1344; x_wconf 85' lang='lat' dir='ltr'>Pharaonem</span> <span class='ocrx_word' id='word_1_83' title='bbox 562 1286 669 1343; x_wconf 85' lang='lat' dir='ltr'>fluxum</span> <span class='ocrx_word' id='word_1_84' title='bbox 692 1304 826 1357; x_wconf 85' lang='lat' dir='ltr'>aquarum</span> <span class='ocrx_word' id='word_1_85' title='bbox 848 1286 1002 1363; x_wconf 82' lang='lat' dir='ltr'>ignorasse,</span> <span class='ocrx_word' id='word_1_86' title='bbox 1018 1285 1063 1345; x_wconf 86' lang='lat' dir='ltr'>vel</span> <span class='ocrx_word' id='word_1_87' title='bbox 1084 1296 1190 1351; x_wconf 82' lang='lat' dir='ltr'>temere</span> <span class='ocrx_word' id='word_1_88' title='bbox 1210 1302 1277 1342; x_wconf 89' lang='lat' dir='ltr'>sese</span> 
     </span>
     <span class='ocr_line' id='line_1_12' title="bbox 88 1378 1277 1461; baseline 0.002 -26"><span class='ocrx_word' id='word_1_89' title='bbox 88 1378 227 1455; x_wconf 81' lang='lat' dir='ltr'>objecisse</span> <span class='ocrx_word' id='word_1_90' title='bbox 239 1380 405 1449; x_wconf 83' lang='lat' dir='ltr'>discrimini,</span> <span class='ocrx_word' id='word_1_91' title='bbox 418 1400 511 1461; x_wconf 89' lang='lat' dir='ltr'>neque</span> <span class='ocrx_word' id='word_1_92' title='bbox 523 1382 611 1439; x_wconf 88' lang='lat' dir='ltr'>auctis</span> <span class='ocrx_word' id='word_1_93' title='bbox 626 1381 759 1458; x_wconf 89' lang='lat' dir='ltr'>paulatim</span> <span class='ocrx_word' id='word_1_94' title='bbox 772 1381 852 1454; x_wconf 90' lang='lat' dir='ltr'>aquis</span> <span class='ocrx_word' id='word_1_95' title='bbox 866 1382 943 1440; x_wconf 88' lang='lat' dir='ltr'>littus</span> <span class='ocrx_word' id='word_1_96' title='bbox 955 1382 1121 1457; x_wconf 86' lang='lat' dir='ltr'>tempestive</span> <span class='ocrx_word' id='word_1_97' title='bbox 1129 1380 1277 1457; x_wconf 74' lang='lat' dir='ltr'>petiisset</span> 
     </span>
     <span class='ocr_line' id='line_1_13' title="bbox 89 1474 1278 1553; baseline -0.001 -19"><span class='ocrx_word' id='word_1_98' title='bbox 89 1475 162 1534; x_wconf 80' lang='lat' dir='ltr'>Haeo</span> <span class='ocrx_word' id='word_1_99' title='bbox 177 1477 432 1552; x_wconf 80' lang='lat' dir='ltr'>plurimaque&#39;alia</span> <span class='ocrx_word' id='word_1_100' title='bbox 446 1479 557 1536; x_wconf 80' lang='lat' dir='ltr'>obstant</span> <span class='ocrx_word' id='word_1_101' title='bbox 569 1497 604 1535; x_wconf 92' lang='lat' dir='ltr'>ne</span> <span class='ocrx_word' id='word_1_102' title='bbox 625 1497 688 1550; x_wconf 75' lang='lat' dir='ltr'>quse</span> <span class='ocrx_word' id='word_1_103' title='bbox 703 1479 817 1552; x_wconf 82' lang='lat' dir='ltr'>scripsit</span> <span class='ocrx_word' id='word_1_104' title='bbox 836 1479 946 1547; x_wconf 89' lang='lat' dir='ltr'>Moses,</span> <span class='ocrx_word' id='word_1_105' title='bbox 962 1478 1058 1535; x_wconf 86' lang='lat' dir='ltr'>verbis</span> <span class='ocrx_word' id='word_1_106' title='bbox 1074 1474 1200 1535; x_wconf 81' lang='lat' dir='ltr'>maxime</span> <span class='ocrx_word' id='word_1_107' title='bbox 1213 1495 1278 1553; x_wconf 89' lang='lat' dir='ltr'>per·</span> 
     </span>
     <span class='ocr_line' id='line_1_14' title="bbox 88 1574 1278 1651; baseline 0.001 -21"><span class='ocrx_word' id='word_1_108' title='bbox 88 1574 196 1649; x_wconf 86' lang='lat' dir='ltr'>spicuis</span> <span class='ocrx_word' id='word_1_109' title='bbox 211 1593 244 1631; x_wconf 90' lang='lat' dir='ltr'>ac</span> <span class='ocrx_word' id='word_1_110' title='bbox 257 1575 451 1651; x_wconf 86' lang='lat' dir='ltr'>simplicibus,</span> <span class='ocrx_word' id='word_1_111' title='bbox 460 1575 496 1635; x_wconf 89' lang='lat' dir='ltr'>ad</span> <span class='ocrx_word' id='word_1_112' title='bbox 511 1588 608 1640; x_wconf 85' lang='lat' dir='ltr'>aestum</span> <span class='ocrx_word' id='word_1_113' title='bbox 624 1577 709 1649; x_wconf 81' lang='lat' dir='ltr'>maiis</span> <span class='ocrx_word' id='word_1_114' title='bbox 724 1576 888 1642; x_wconf 78' lang='lat' dir='ltr'>reserantur,</span> <span class='ocrx_word' id='word_1_115' title='bbox 903 1594 990 1648; x_wconf 86' lang='lat' dir='ltr'>quum</span> <span class='ocrx_word' id='word_1_116' title='bbox 1005 1593 1118 1651; x_wconf 88' lang='lat' dir='ltr'>semper</span> <span class='ocrx_word' id='word_1_117' title='bbox 1131 1584 1278 1646; x_wconf 85' lang='lat' dir='ltr'>tamquam</span> 
     </span>
     <span class='ocr_line' id='line_1_15' title="bbox 87 1656 1277 1750; baseline 0 -23"><span class='ocrx_word' id='word_1_118' title='bbox 87 1669 248 1731; x_wconf 78' lang='lat' dir='ltr'>mirandum</span> <span class='ocrx_word' id='word_1_119' title='bbox 262 1672 385 1730; x_wconf 81' lang='lat' dir='ltr'>maxime</span> <span class='ocrx_word' id='word_1_120' title='bbox 399 1672 501 1731; x_wconf 86' lang='lat' dir='ltr'>divinae</span> <span class='ocrx_word' id='word_1_121' title='bbox 517 1673 626 1730; x_wconf 87' lang='lat' dir='ltr'>virtutis</span> <span class='ocrx_word' id='word_1_122' title='bbox 646 1656 807 1750; x_wconf 82' lang='lat' dir='ltr'>portentum</span> <span class='ocrx_word' id='word_1_123' title='bbox 822 1692 842 1729; x_wconf 83' lang='lat' dir='ltr'>a</span> <span class='ocrx_word' id='word_1_124' title='bbox 853 1672 936 1730; x_wconf 91' lang='lat' dir='ltr'>Mose</span> <span class='ocrx_word' id='word_1_125' title='bbox 951 1673 1025 1748; x_wconf 90' lang='lat' dir='ltr'>ipso,</span> <span class='ocrx_word' id='word_1_126' title='bbox 1040 1681 1069 1729; x_wconf 91' lang='lat' dir='ltr'>et</span> <span class='ocrx_word' id='word_1_127' title='bbox 1085 1690 1102 1729; x_wconf 87' lang='lat' dir='ltr'>a</span> <span class='ocrx_word' id='word_1_128' title='bbox 1115 1671 1205 1729; x_wconf 88' lang='lat' dir='ltr'>sacris</span> <span class='ocrx_word' id='word_1_129' title='bbox 1226 1670 1277 1744; x_wconf 91' lang='lat' dir='ltr'>qui</span> 
     </span>
     <span class='ocr_line' id='line_1_16' title="bbox 86 1768 719 1846; baseline 0.003 -22"><span class='ocrx_word' id='word_1_130' title='bbox 86 1784 155 1827; x_wconf 78' lang='lat' dir='ltr'>curn</span> <span class='ocrx_word' id='word_1_131' title='bbox 162 1768 255 1825; x_wconf 65' lang='lat' dir='ltr'>wcuti</span> <span class='ocrx_word' id='word_1_132' title='bbox 268 1779 335 1826; x_wconf 91' lang='lat' dir='ltr'>sunt</span> <span class='ocrx_word' id='word_1_133' title='bbox 347 1770 530 1846; x_wconf 86' lang='lat' dir='ltr'>scriptoribus</span> <span class='ocrx_word' id='word_1_134' title='bbox 545 1770 719 1829; x_wconf 83' lang='lat' dir='ltr'>exhibeatur.</span> 
     </span>
    </p>

    <p class='ocr_par' dir='ltr' id='par_1_4' title="bbox 81 1830 1285 2614">
     <span class='ocr_line' id='line_1_17' title="bbox 133 1830 1280 1943; baseline 0.001 -22"><span class='ocrx_word' id='word_1_135' title='bbox 133 1861 200 1942; x_wconf 78' lang='lat' dir='ltr'>obj.</span> <span class='ocrx_word' id='word_1_136' title='bbox 213 1867 243 1923; x_wconf 80' lang='lat'>4.</span> <span class='ocrx_word' id='word_1_137' title='bbox 266 1866 358 1931; x_wconf 80' lang='lat' dir='ltr'>Quoe&#39;</span> <span class='ocrx_word' id='word_1_138' title='bbox 350 1885 380 1924; x_wconf 86' lang='grc' dir='ltr'>ιιι</span> <span class='ocrx_word' id='word_1_139' title='bbox 394 1865 546 1924; x_wconf 87' lang='lat' dir='ltr'>solitudine</span> <span class='ocrx_word' id='word_1_140' title='bbox 563 1865 716 1943; x_wconf 86' lang='lat' dir='ltr'>contigisse</span> <span class='ocrx_word' id='word_1_141' title='bbox 730 1863 859 1941; x_wconf 86' lang='lat' dir='ltr'>prodigis</span> <span class='ocrx_word' id='word_1_142' title='bbox 869 1863 1008 1934; x_wconf 90' lang='lat' dir='ltr'>dicuntur,</span> <span class='ocrx_word' id='word_1_143' title='bbox 1023 1866 1155 1923; x_wconf 90' lang='lat' dir='ltr'>columna</span> <span class='ocrx_word' id='word_1_144' title='bbox 1168 1830 1280 1923; x_wconf 85' lang='lat' dir='ltr'>scilicet</span> 
     </span>
     <span class='ocr_line' id='line_1_18' title="bbox 84 1959 1275 2037; baseline 0.001 -19"><span class='ocrx_word' id='word_1_145' title='bbox 84 1959 168 2018; x_wconf 88' lang='lat' dir='ltr'>nubis</span> <span class='ocrx_word' id='word_1_146' title='bbox 191 1959 277 2028; x_wconf 91' lang='lat' dir='ltr'>die,</span> <span class='ocrx_word' id='word_1_147' title='bbox 270 1961 344 2037; x_wconf 90' lang='lat' dir='ltr'>rguis</span> <span class='ocrx_word' id='word_1_148' title='bbox 368 1971 454 2024; x_wconf 86' lang='lat' dir='ltr'>noctu</span> <span class='ocrx_word' id='word_1_149' title='bbox 480 1961 606 2036; x_wconf 88' lang='lat' dir='ltr'>speciem</span> <span class='ocrx_word' id='word_1_150' title='bbox 630 1960 780 2026; x_wconf 83' lang='lat' dir='ltr'>exhibens,</span> <span class='ocrx_word' id='word_1_151' title='bbox 801 1979 911 2017; x_wconf 86' lang='lat' dir='ltr'>mannae</span> <span class='ocrx_word' id='word_1_152' title='bbox 932 1960 1076 2037; x_wconf 88' lang='lat' dir='ltr'>delapsus,</span> <span class='ocrx_word' id='word_1_153' title='bbox 1095 1961 1275 2027; x_wconf 79' lang='lat' dir='ltr'>comrnienm</span> 
     </span>
     <span class='ocr_line' id='line_1_19' title="bbox 81 2056 1272 2136; baseline 0.002 -21"><span class='ocrx_word' id='word_1_154' title='bbox 81 2056 178 2132; x_wconf 68' lang='lat' dir='ltr'>copis,</span> <span class='ocrx_word' id='word_1_155' title='bbox 196 2056 231 2115; x_wconf 85' lang='lat' dir='ltr'>sd</span> <span class='ocrx_word' id='word_1_156' title='bbox 252 2056 391 2115; x_wconf 85' lang='lat' dir='ltr'>naturales</span> <span class='ocrx_word' id='word_1_157' title='bbox 412 2066 532 2132; x_wconf 90' lang='lat' dir='ltr'>possunt</span> <span class='ocrx_word' id='word_1_158' title='bbox 550 2057 646 2114; x_wconf 81' lang='lat' dir='ltr'>referri</span> <span class='ocrx_word' id='word_1_159' title='bbox 667 2076 776 2114; x_wconf 89' lang='lat' dir='ltr'>causas.</span> <span class='ocrx_word' id='word_1_160' title='bbox 818 2056 989 2124; x_wconf 71' lang='lat' dir='ltr'>verosimile</span> <span class='ocrx_word' id='word_1_161' title='bbox 1009 2070 1053 2123; x_wconf 87' lang='lat' dir='ltr'>est</span> <span class='ocrx_word' id='word_1_162' title='bbox 1073 2059 1188 2119; x_wconf 83' lang='lat' dir='ltr'>Mosam</span> <span class='ocrx_word' id='word_1_163' title='bbox 1203 2059 1272 2136; x_wconf 89' lang='lat' dir='ltr'>igne</span> 
     </span>
     <span class='ocr_line' id='line_1_20' title="bbox 86 2138 1276 2228; baseline 0.003 -18"><span class='ocrx_word' id='word_1_164' title='bbox 86 2169 208 2221; x_wconf 82' lang='lat' dir='ltr'>accenso</span> <span class='ocrx_word' id='word_1_165' title='bbox 221 2152 297 2228; x_wconf 79' lang='lat' dir='ltr'>signi</span> <span class='ocrx_word' id='word_1_166' title='bbox 318 2138 404 2210; x_wconf 89' lang='lat' dir='ltr'>instar</span> <span class='ocrx_word' id='word_1_167' title='bbox 417 2171 502 2210; x_wconf 92' lang='lat' dir='ltr'>usum</span> <span class='ocrx_word' id='word_1_168' title='bbox 520 2171 598 2220; x_wconf 87' lang='lat' dir='ltr'>esse,</span> <span class='ocrx_word' id='word_1_169' title='bbox 612 2153 735 2226; x_wconf 84' lang='lat' dir='ltr'>indeque</span> <span class='ocrx_word' id='word_1_170' title='bbox 749 2154 858 2212; x_wconf 81' lang='lat' dir='ltr'>sumum</span> <span class='ocrx_word' id='word_1_171' title='bbox 880 2164 1009 2212; x_wconf 87' lang='lat' dir='ltr'>exortum</span> <span class='ocrx_word' id='word_1_172' title='bbox 1027 2154 1276 2214; x_wconf 85' lang='lat' dir='ltr'>nubemhabiturn</span> 
     </span>
     <span class='ocr_line' id='line_1_21' title="bbox 87 2249 1285 2337; baseline 0.003 -30"><span class='ocrx_word' id='word_1_173' title='bbox 87 2267 169 2307; x_wconf 86' lang='lat' dir='ltr'>esse:</span> <span class='ocrx_word' id='word_1_174' title='bbox 182 2249 325 2320; x_wconf 82' lang='lat' dir='ltr'>mannain</span> <span class='ocrx_word' id='word_1_175' title='bbox 336 2250 438 2323; x_wconf 75' lang='lat' dir='ltr'>Arabia</span> <span class='ocrx_word' id='word_1_176' title='bbox 449 2251 603 2318; x_wconf 89' lang='lat' dir='ltr'>arboribus,</span> <span class='ocrx_word' id='word_1_177' title='bbox 617 2252 729 2328; x_wconf 81' lang='lat' dir='ltr'>plantis,</span> <span class='ocrx_word' id='word_1_178' title='bbox 740 2252 867 2328; x_wconf 88' lang='lat' dir='ltr'>ipsisque</span> <span class='ocrx_word' id='word_1_179' title='bbox 879 2253 995 2337; x_wconf 77' lang='lat' dir='ltr'>rupibus</span> <span class='ocrx_word' id='word_1_180' title='bbox 1006 2252 1142 2319; x_wconf 75' lang='lat' dir='ltr'>adiutaret,</span> <span class='ocrx_word' id='word_1_181' title='bbox 1154 2252 1285 2326; x_wconf 56' lang='lat' dir='ltr'>soleque,</span> 
     </span>
     <span class='ocr_line' id='line_1_22' title="bbox 86 2343 1275 2431; baseline 0.006 -29"><span class='ocrx_word' id='word_1_182' title='bbox 86 2356 150 2416; x_wconf 83' lang='lat' dir='ltr'>orto</span> <span class='ocrx_word' id='word_1_183' title='bbox 164 2343 359 2418; x_wconf 83' lang='lat' dir='ltr'>colliquescit:</span> <span class='ocrx_word' id='word_1_184' title='bbox 382 2348 540 2431; x_wconf 81' lang='lat' dir='ltr'>coturnices</span> <span class='ocrx_word' id='word_1_185' title='bbox 554 2349 638 2405; x_wconf 90' lang='lat' dir='ltr'>etiam</span> <span class='ocrx_word' id='word_1_186' title='bbox 657 2349 761 2424; x_wconf 82' lang='lat' dir='ltr'>saepius</span> <span class='ocrx_word' id='word_1_187' title='bbox 783 2360 999 2416; x_wconf 87' lang='lat' dir='ltr'>consueverunt,</span> <span class='ocrx_word' id='word_1_188' title='bbox 1014 2368 1117 2425; x_wconf 84' lang='lat' dir='ltr'>magna</span> <span class='ocrx_word' id='word_1_189' title='bbox 1137 2350 1231 2426; x_wconf 88' lang='lat' dir='ltr'>copia,</span> <span class='ocrx_word' id='word_1_190' title='bbox 1244 2350 1275 2409; x_wconf 93' lang='lat' dir='ltr'>in</span> 
     </span>
     <span class='ocr_line' id='line_1_23' title="bbox 86 2441 1274 2519; baseline 0.003 -21"><span class='ocrx_word' id='word_1_191' title='bbox 86 2456 151 2506; x_wconf 79' lang='lat' dir='ltr'>sam</span> <span class='ocrx_word' id='word_1_192' title='bbox 165 2441 309 2517; x_wconf 78' lang='lat' dir='ltr'>regionem</span> <span class='ocrx_word' id='word_1_193' title='bbox 324 2441 463 2509; x_wconf 81' lang='lat' dir='ltr'>decidere,</span> <span class='ocrx_word' id='word_1_194' title='bbox 476 2444 578 2514; x_wconf 91' lang='lat' dir='ltr'>quibus</span> <span class='ocrx_word' id='word_1_195' title='bbox 593 2443 627 2500; x_wconf 90' lang='lat' dir='ltr'>ad</span> <span class='ocrx_word' id='word_1_196' title='bbox 642 2445 796 2514; x_wconf 80' lang='lat' dir='ltr'>satietatem</span> <span class='ocrx_word' id='word_1_197' title='bbox 805 2442 996 2511; x_wconf 83' lang='lat' dir='ltr'>manducatis,</span> <span class='ocrx_word' id='word_1_198' title='bbox 1009 2446 1124 2505; x_wconf 86' lang='lat' dir='ltr'>morbus</span> <span class='ocrx_word' id='word_1_199' title='bbox 1138 2462 1274 2519; x_wconf 87' lang='lat' dir='ltr'>morsque</span> 
     </span>
     <span class='ocr_line' id='line_1_24' title="bbox 90 2537 734 2614; baseline 0.003 -20"><span class='ocrx_word' id='word_1_200' title='bbox 90 2538 181 2609; x_wconf 77' lang='lat' dir='ltr'>sacnti</span> <span class='ocrx_word' id='word_1_201' title='bbox 194 2537 278 2614; x_wconf 83' lang='lat' dir='ltr'>plaga</span> <span class='ocrx_word' id='word_1_202' title='bbox 290 2537 424 2596; x_wconf 86' lang='lat' dir='ltr'>divinitus</span> <span class='ocrx_word' id='word_1_203' title='bbox 440 2539 547 2607; x_wconf 83' lang='lat' dir='ltr'>inflicta</span> <span class='ocrx_word' id='word_1_204' title='bbox 561 2539 734 2604; x_wconf 86' lang='lat' dir='ltr'>videbantur.</span> 
     </span>
    </p>

    <p class='ocr_par' dir='ltr' id='par_1_5' title="bbox 74 2633 1282 3877">
     <span class='ocr_line' id='line_1_25' title="bbox 126 2633 1275 2712; baseline 0.003 -20"><span class='ocrx_word' id='word_1_205' title='bbox 126 2633 215 2712; x_wconf 74' lang='lat' dir='ltr'>Bcsp,</span> <span class='ocrx_word' id='word_1_206' title='bbox 239 2634 307 2692; x_wconf 93' lang='lat' dir='ltr'>Non</span> <span class='ocrx_word' id='word_1_207' title='bbox 319 2634 426 2709; x_wconf 70' lang='lat' dir='ltr'>¹suffieit</span> <span class='ocrx_word' id='word_1_208' title='bbox 439 2645 470 2691; x_wconf 93' lang='lat' dir='ltr'>ut</span> <span class='ocrx_word' id='word_1_209' title='bbox 490 2635 584 2708; x_wconf 88' lang='lat' dir='ltr'>aliqua</span> <span class='ocrx_word' id='word_1_210' title='bbox 604 2635 715 2711; x_wconf 86' lang='lat' dir='ltr'>prodire</span> <span class='ocrx_word' id='word_1_211' title='bbox 730 2637 872 2712; x_wconf 87' lang='lat' dir='ltr'>potuerint</span> <span class='ocrx_word' id='word_1_212' title='bbox 885 2656 922 2694; x_wconf 90' lang='lat' dir='ltr'>ex</span> <span class='ocrx_word' id='word_1_213' title='bbox 942 2638 1113 2696; x_wconf 87' lang='lat' dir='ltr'>naturalibus</span> <span class='ocrx_word' id='word_1_214' title='bbox 1127 2638 1233 2707; x_wconf 87' lang='lat' dir='ltr'>causis,</span> <span class='ocrx_word' id='word_1_215' title='bbox 1248 2639 1275 2697; x_wconf 87' lang='lat' dir='ltr'>si</span> 
     </span>
     <span class='ocr_line' id='line_1_26' title="bbox 84 2729 1276 2808; baseline 0.004 -19"><span class='ocrx_word' id='word_1_216' title='bbox 84 2741 198 2801; x_wconf 72' lang='lat' dir='ltr'>constet</span> <span class='ocrx_word' id='word_1_217' title='bbox 210 2750 244 2788; x_wconf 91' lang='lat' dir='ltr'>ea</span> <span class='ocrx_word' id='word_1_218' title='bbox 257 2730 363 2791; x_wconf 87' lang='lat' dir='ltr'>nullam</span> <span class='ocrx_word' id='word_1_219' title='bbox 379 2729 512 2803; x_wconf 85' lang='lat' dir='ltr'>habuisse</span> <span class='ocrx_word' id='word_1_220' title='bbox 533 2731 697 2808; x_wconf 90' lang='lat' dir='ltr'>hujusmodi</span> <span class='ocrx_word' id='word_1_221' title='bbox 714 2751 837 2801; x_wconf 84' lang='lat' dir='ltr'>eausam.</span> <span class='ocrx_word' id='word_1_222' title='bbox 879 2732 1010 2790; x_wconf 86' lang='lat' dir='ltr'>Profecto</span> <span class='ocrx_word' id='word_1_223' title='bbox 1024 2744 1082 2790; x_wconf 88' lang='lat' dir='ltr'>tota</span> <span class='ocrx_word' id='word_1_224' title='bbox 1102 2733 1197 2791; x_wconf 90' lang='lat' dir='ltr'>Mosis</span> <span class='ocrx_word' id='word_1_225' title='bbox 1211 2753 1276 2794; x_wconf 82' lang='lat' dir='ltr'>nar·</span> 
     </span>
     <span class='ocr_line' id='line_1_27' title="bbox 85 2826 1274 2905; baseline 0.003 -20"><span class='ocrx_word' id='word_1_226' title='bbox 85 2829 158 2886; x_wconf 89' lang='lat' dir='ltr'>ratio</span> <span class='ocrx_word' id='word_1_227' title='bbox 169 2846 206 2893; x_wconf 74' lang='lat' dir='ltr'>,ea</span> <span class='ocrx_word' id='word_1_228' title='bbox 225 2847 289 2902; x_wconf 84' lang='lat' dir='ltr'>quae</span> <span class='ocrx_word' id='word_1_229' title='bbox 303 2829 334 2898; x_wconf 84' lang='lat' dir='ltr'>in</span> <span class='ocrx_word' id='word_1_230' title='bbox 347 2827 498 2900; x_wconf 85' lang='lat' dir='ltr'>solitudine</span> <span class='ocrx_word' id='word_1_231' title='bbox 514 2826 675 2887; x_wconf 84' lang='lat' dir='ltr'>evenerunt</span> <span class='ocrx_word' id='word_1_232' title='bbox 688 2829 759 2887; x_wconf 90' lang='lat' dir='ltr'>mira</span> <span class='ocrx_word' id='word_1_233' title='bbox 781 2839 864 2901; x_wconf 90' lang='lat' dir='ltr'>atque</span> <span class='ocrx_word' id='word_1_234' title='bbox 879 2830 1028 2905; x_wconf 84' lang='lat' dir='ltr'>stupenda,</span> <span class='ocrx_word' id='word_1_235' title='bbox 1044 2827 1139 2896; x_wconf 86' lang='lat' dir='ltr'>divina</span> <span class='ocrx_word' id='word_1_236' title='bbox 1159 2830 1274 2901; x_wconf 87' lang='lat' dir='ltr'>virtute,</span> 
     </span>
     <span class='ocr_line' id='line_1_28' title="bbox 85 2925 1276 3004; baseline 0.001 -22"><span class='ocrx_word' id='word_1_237' title='bbox 85 2925 261 3001; x_wconf 84' lang='lat' dir='ltr'>specialique</span> <span class='ocrx_word' id='word_1_238' title='bbox 274 2943 370 3000; x_wconf 88' lang='lat' dir='ltr'>opera,</span> <span class='ocrx_word' id='word_1_239' title='bbox 384 2925 538 3002; x_wconf 86' lang='lat' dir='ltr'>contigisse</span> <span class='ocrx_word' id='word_1_240' title='bbox 552 2935 686 3004; x_wconf 72' lang='lat' dir='ltr'>testatur·</span> <span class='ocrx_word' id='word_1_241' title='bbox 719 2925 856 2983; x_wconf 86' lang='lat' dir='ltr'>Praedirrit</span> <span class='ocrx_word' id='word_1_242' title='bbox 869 2945 903 2984; x_wconf 88' lang='lat' dir='ltr'>ea</span> <span class='ocrx_word' id='word_1_243' title='bbox 917 2927 1028 2993; x_wconf 85' lang='lat' dir='ltr'>Moses,</span> <span class='ocrx_word' id='word_1_244' title='bbox 1040 2945 1129 2998; x_wconf 84' lang='lat' dir='ltr'>eaque</span> <span class='ocrx_word' id='word_1_245' title='bbox 1144 2926 1276 3003; x_wconf 84' lang='lat' dir='ltr'>designa·</span> 
     </span>
     <span class='ocr_line' id='line_1_29' title="bbox 86 3004 1274 3099; baseline 0.003 -22"><span class='ocrx_word' id='word_1_246' title='bbox 86 3021 129 3091; x_wconf 84' lang='lat' dir='ltr'>rit</span> <span class='ocrx_word' id='word_1_247' title='bbox 141 3019 272 3096; x_wconf 85' lang='lat' dir='ltr'>adjuncta</span> <span class='ocrx_word' id='word_1_248' title='bbox 285 3004 347 3091; x_wconf 82' lang='lat' dir='ltr'>quae</span> <span class='ocrx_word' id='word_1_249' title='bbox 359 3039 379 3076; x_wconf 87' lang='lat' dir='ltr'>a</span> <span class='ocrx_word' id='word_1_250' title='bbox 392 3021 534 3092; x_wconf 81' lang='lat' dir='ltr'>consuetis</span> <span class='ocrx_word' id='word_1_251' title='bbox 549 3023 695 3079; x_wconf 90' lang='lat' dir='ltr'>eventibus</span> <span class='ocrx_word' id='word_1_252' title='bbox 710 3023 828 3079; x_wconf 91' lang='lat' dir='ltr'>omnino</span> <span class='ocrx_word' id='word_1_253' title='bbox 841 3021 1046 3099; x_wconf 86' lang='lat' dir='ltr'>discrepabant.</span> <span class='ocrx_word' id='word_1_254' title='bbox 1073 3023 1106 3079; x_wconf 83' lang='lat' dir='ltr'>Si</span> <span class='ocrx_word' id='word_1_255' title='bbox 1119 3023 1194 3098; x_wconf 85' lang='lat' dir='ltr'>ignis</span> <span class='ocrx_word' id='word_1_256' title='bbox 1210 3041 1228 3079; x_wconf 91' lang='lat' dir='ltr'>a</span> <span class='ocrx_word' id='word_1_257' title='bbox 1241 3041 1274 3081; x_wconf 90' lang='lat' dir='ltr'>se</span> 
     </span>
     <span class='ocr_line' id='line_1_30' title="bbox 85 3109 1276 3194; baseline -0.001 -21"><span class='ocrx_word' id='word_1_258' title='bbox 85 3134 224 3187; x_wconf 61' lang='lat' dir='ltr'>accensus</span> <span class='ocrx_word' id='word_1_259' title='bbox 238 3115 352 3191; x_wconf 89' lang='lat' dir='ltr'>signum</span> <span class='ocrx_word' id='word_1_260' title='bbox 366 3115 465 3173; x_wconf 89' lang='lat' dir='ltr'>suisset</span> <span class='ocrx_word' id='word_1_261' title='bbox 485 3111 676 3192; x_wconf 76' lang='lat' dir='ltr'>profectionis,</span> <span class='ocrx_word' id='word_1_262' title='bbox 692 3116 736 3174; x_wconf 92' lang='lat' dir='ltr'>vel</span> <span class='ocrx_word' id='word_1_263' title='bbox 751 3127 840 3174; x_wconf 87' lang='lat' dir='ltr'>castra</span> <span class='ocrx_word' id='word_1_264' title='bbox 859 3119 994 3186; x_wconf 87' lang='lat' dir='ltr'>metandi,</span> <span class='ocrx_word' id='word_1_265' title='bbox 1008 3110 1147 3191; x_wconf 84' lang='lat' dir='ltr'>numquid</span> <span class='ocrx_word' id='word_1_266' title='bbox 1165 3109 1276 3194; x_wconf 85' lang='lat' dir='ltr'>potuis.-</span> 
     </span>
     <span class='ocr_line' id='line_1_31' title="bbox 85 3198 1275 3299; baseline 0.001 -29"><span class='ocrx_word' id='word_1_267' title='bbox 85 3222 134 3285; x_wconf 66' lang='lat' dir='ltr'>set</span> <span class='ocrx_word' id='word_1_268' title='bbox 147 3212 197 3270; x_wconf 91' lang='lat' dir='ltr'>toti</span> <span class='ocrx_word' id='word_1_269' title='bbox 211 3210 318 3288; x_wconf 92' lang='lat' dir='ltr'>populo</span> <span class='ocrx_word' id='word_1_270' title='bbox 339 3209 408 3267; x_wconf 93' lang='lat' dir='ltr'>illud</span> <span class='ocrx_word' id='word_1_271' title='bbox 428 3210 563 3269; x_wconf 87' lang='lat' dir='ltr'>divinitus</span> <span class='ocrx_word' id='word_1_272' title='bbox 584 3211 679 3271; x_wconf 85' lang='lat' dir='ltr'>datum</span> <span class='ocrx_word' id='word_1_273' title='bbox 700 3211 889 3294; x_wconf 69' lang='lat' dir='ltr'>persuadere?</span> <span class='ocrx_word' id='word_1_274' title='bbox 931 3214 1044 3271; x_wconf 57' lang='lat' dir='ltr'>Manna*</span> <span class='ocrx_word' id='word_1_275' title='bbox 1058 3223 1133 3271; x_wconf 88' lang='lat' dir='ltr'>certe</span> <span class='ocrx_word' id='word_1_276' title='bbox 1147 3198 1225 3299; x_wconf 85' lang='lat' dir='ltr'>quod</span> <span class='ocrx_word' id='word_1_277' title='bbox 1244 3214 1275 3271; x_wconf 92' lang='lat' dir='ltr'>in</span> 
     </span>
     <span class='ocr_line' id='line_1_32' title="bbox 88 3307 1280 3384; baseline 0.001 -16"><span class='ocrx_word' id='word_1_278' title='bbox 88 3310 192 3380; x_wconf 68' lang='lat' dir='ltr'>Arabia</span> <span class='ocrx_word' id='word_1_279' title='bbox 211 3309 361 3379; x_wconf 82' lang='lat' dir='ltr'>inuenitur,</span> <span class='ocrx_word' id='word_1_280' title='bbox 382 3308 502 3384; x_wconf 91' lang='lat' dir='ltr'>singulis</span> <span class='ocrx_word' id='word_1_281' title='bbox 524 3307 634 3376; x_wconf 88' lang='lat' dir='ltr'>diebus,</span> <span class='ocrx_word' id='word_1_282' title='bbox 649 3309 726 3366; x_wconf 91' lang='lat' dir='ltr'>nullo</span> <span class='ocrx_word' id='word_1_283' title='bbox 748 3310 854 3369; x_wconf 88' lang='lat' dir='ltr'>sabbati</span> <span class='ocrx_word' id='word_1_284' title='bbox 873 3310 891 3368; x_wconf 91' lang='lat' dir='ltr'>J</span> <span class='ocrx_word' id='word_1_285' title='bbox 894 3310 986 3368; x_wconf 88' lang='lat' dir='ltr'>udaiei</span> <span class='ocrx_word' id='word_1_286' title='bbox 1000 3311 1078 3383; x_wconf 78' lang='lat' dir='ltr'>¹lacto</span> <span class='ocrx_word' id='word_1_287' title='bbox 1096 3309 1280 3379; x_wconf 75' lang='lat' dir='ltr'>discrimine,</span> 
     </span>
     <span class='ocr_line' id='line_1_33' title="bbox 89 3404 1275 3484; baseline 0.003 -19"><span class='ocrx_word' id='word_1_288' title='bbox 89 3408 212 3484; x_wconf 87' lang='lat' dir='ltr'>reperire</span> <span class='ocrx_word' id='word_1_289' title='bbox 231 3416 286 3481; x_wconf 85' lang='lat' dir='ltr'>est,</span> <span class='ocrx_word' id='word_1_290' title='bbox 300 3423 353 3462; x_wconf 90' lang='lat' dir='ltr'>nec</span> <span class='ocrx_word' id='word_1_291' title='bbox 373 3405 465 3481; x_wconf 88' lang='lat' dir='ltr'>potuit</span> <span class='ocrx_word' id='word_1_292' title='bbox 484 3405 625 3478; x_wconf 84' lang='lat' dir='ltr'>israelitas</span> <span class='ocrx_word' id='word_1_293' title='bbox 648 3404 830 3464; x_wconf 87' lang='lat' dir='ltr'>admiratione</span> <span class='ocrx_word' id='word_1_294' title='bbox 851 3408 1013 3483; x_wconf 85' lang='lat' dir='ltr'>percellere,</span> <span class='ocrx_word' id='word_1_295' title='bbox 1029 3408 1084 3473; x_wconf 85' lang='lat' dir='ltr'>nisi</span> <span class='ocrx_word' id='word_1_296' title='bbox 1104 3407 1196 3483; x_wconf 82' lang='lat' dir='ltr'>prima</span> <span class='ocrx_word' id='word_1_297' title='bbox 1216 3427 1275 3481; x_wconf 87' lang='lat' dir='ltr'>qua</span> 
     </span>
     <span class='ocr_line' id='line_1_34' title="bbox 87 3490 1276 3589; baseline 0.003 -28"><span class='ocrx_word' id='word_1_298' title='bbox 87 3504 159 3578; x_wconf 85' lang='lat' dir='ltr'>iilud</span> <span class='ocrx_word' id='word_1_299' title='bbox 174 3504 295 3574; x_wconf 68' lang='lat' dir='ltr'>,viderint</span> <span class='ocrx_word' id='word_1_300' title='bbox 308 3504 386 3560; x_wconf 88' lang='lat' dir='ltr'>vice:</span> <span class='ocrx_word' id='word_1_301' title='bbox 409 3502 462 3573; x_wconf 88' lang='lat' dir='ltr'>sed</span> <span class='ocrx_word' id='word_1_302' title='bbox 474 3502 551 3574; x_wconf 93' lang='lat' dir='ltr'>quod</span> <span class='ocrx_word' id='word_1_303' title='bbox 564 3503 600 3560; x_wconf 89' lang='lat' dir='ltr'>iis</span> <span class='ocrx_word' id='word_1_304' title='bbox 614 3504 723 3561; x_wconf 88' lang='lat' dir='ltr'>coelitus</span> <span class='ocrx_word' id='word_1_305' title='bbox 745 3490 903 3580; x_wconf 82' lang='lat' dir='ltr'>proestitum</span> <span class='ocrx_word' id='word_1_306' title='bbox 918 3515 961 3563; x_wconf 87' lang='lat' dir='ltr'>est</span> <span class='ocrx_word' id='word_1_307' title='bbox 981 3506 1095 3572; x_wconf 79' lang='lat' dir='ltr'>sabbato</span> <span class='ocrx_word' id='word_1_308' title='bbox 1110 3504 1184 3589; x_wconf 88' lang='lat' dir='ltr'>haud</span> <span class='ocrx_word' id='word_1_309' title='bbox 1199 3504 1276 3565; x_wconf 89' lang='lat' dir='ltr'>deci·</span> 
     </span>
     <span class='ocr_line' id='line_1_35' title="bbox 74 3601 1282 3680; baseline 0.004 -19"><span class='ocrx_word' id='word_1_310' title='bbox 74 3601 181 3673; x_wconf 85' lang='lat' dir='ltr'>debat,</span> <span class='ocrx_word' id='word_1_311' title='bbox 194 3613 224 3659; x_wconf 89' lang='lat' dir='ltr'>et</span> <span class='ocrx_word' id='word_1_312' title='bbox 236 3601 530 3677; x_wconf 60' lang='lat' dir='ltr'>plurimis-tationibus</span> <span class='ocrx_word' id='word_1_313' title='bbox 543 3621 559 3658; x_wconf 90' lang='lat' dir='ltr'>a</span> <span class='ocrx_word' id='word_1_314' title='bbox 573 3614 708 3661; x_wconf 92' lang='lat' dir='ltr'>consueto</span> <span class='ocrx_word' id='word_1_315' title='bbox 718 3602 967 3680; x_wconf 50' lang='lat' dir='ltr'>distinguebatur?</span> <span class='ocrx_word' id='word_1_316' title='bbox 1004 3601 1172 3661; x_wconf 73' lang='lat' dir='ltr'>coturnices</span> <span class='ocrx_word' id='word_1_317' title='bbox 1187 3604 1282 3673; x_wconf 58' lang='lat' dir='ltr'>etiam,</span> 
     </span>
     <span class='ocr_line' id='line_1_36' title="bbox 87 3699 1275 3779; baseline 0.002 -20"><span class='ocrx_word' id='word_1_318' title='bbox 87 3719 123 3759; x_wconf 82' lang='lat' dir='ltr'>er</span> <span class='ocrx_word' id='word_1_319' title='bbox 137 3699 256 3772; x_wconf 76' lang='lat' dir='ltr'>naturali</span> <span class='ocrx_word' id='word_1_320' title='bbox 268 3718 446 3773; x_wconf 82' lang='lat' dir='ltr'>quacumque</span> <span class='ocrx_word' id='word_1_321' title='bbox 460 3718 554 3769; x_wconf 79' lang='lat' dir='ltr'>causa,</span> <span class='ocrx_word' id='word_1_322' title='bbox 570 3712 646 3758; x_wconf 84' lang='lat' dir='ltr'>certo</span> <span class='ocrx_word' id='word_1_323' title='bbox 661 3701 783 3773; x_wconf 88' lang='lat' dir='ltr'>quodam</span> <span class='ocrx_word' id='word_1_324' title='bbox 799 3713 936 3778; x_wconf 90' lang='lat' dir='ltr'>tempore,</span> <span class='ocrx_word' id='word_1_325' title='bbox 952 3703 1036 3760; x_wconf 90' lang='lat' dir='ltr'>Mose</span> <span class='ocrx_word' id='word_1_326' title='bbox 1051 3713 1147 3761; x_wconf 86' lang='lat' dir='ltr'>orante</span> <span class='ocrx_word' id='word_1_327' title='bbox 1161 3713 1192 3759; x_wconf 91' lang='lat' dir='ltr'>et</span> <span class='ocrx_word' id='word_1_328' title='bbox 1203 3722 1275 3779; x_wconf 84' lang='lat' dir='ltr'>prae-</span> 
     </span>
     <span class='ocr_line' id='line_1_37' title="bbox 89 3785 1277 3877; baseline 0.004 -24"><span class='ocrx_word' id='word_1_329' title='bbox 89 3796 210 3867; x_wconf 82' lang='lat' dir='ltr'>dicente,</span> <span class='ocrx_word' id='word_1_330' title='bbox 226 3794 376 3866; x_wconf 84' lang='lat' dir='ltr'>decidisse,</span> <span class='ocrx_word' id='word_1_331' title='bbox 392 3806 466 3853; x_wconf 86' lang='lat' dir='ltr'>tanta</span> <span class='ocrx_word' id='word_1_332' title='bbox 476 3798 559 3872; x_wconf 90' lang='lat' dir='ltr'>copia</span> <span class='ocrx_word' id='word_1_333' title='bbox 572 3809 603 3866; x_wconf 82' lang='lat' dir='ltr'>ut</span> <span class='ocrx_word' id='word_1_334' title='bbox 616 3816 667 3872; x_wconf 90' lang='lat' dir='ltr'>per</span> <span class='ocrx_word' id='word_1_335' title='bbox 681 3785 813 3854; x_wconf 87' lang='lat' dir='ltr'>mensem</span> <span class='ocrx_word' id='word_1_336' title='bbox 822 3796 962 3874; x_wconf 78' lang='lat' dir='ltr'>integrum</span> <span class='ocrx_word' id='word_1_337' title='bbox 974 3798 1183 3877; x_wconf 33' lang='lat' dir='ltr'>totustpopulus</span> <span class='ocrx_word' id='word_1_338' title='bbox 1192 3800 1277 3858; x_wconf 86' lang='lat' dir='ltr'>satia-</span> 
     </span>
    </p>
   </div>
   <div class='ocr_carea' id='block_1_3' title="bbox 86 3891 1276 4589">
    <p class='ocr_par' dir='ltr' id='par_1_6' title="bbox 86 3891 1276 4555">
     <span class='ocr_line' id='line_1_38' title="bbox 87 3891 1276 3971; baseline 0.003 -20"><span class='ocrx_word' id='word_1_339' title='bbox 87 3904 173 3960; x_wconf 83' lang='lat' dir='ltr'>retur,</span> <span class='ocrx_word' id='word_1_340' title='bbox 198 3891 270 3948; x_wconf 91' lang='lat' dir='ltr'>ultra</span> <span class='ocrx_word' id='word_1_341' title='bbox 293 3891 380 3948; x_wconf 86' lang='lat' dir='ltr'>fidem</span> <span class='ocrx_word' id='word_1_342' title='bbox 404 3903 456 3963; x_wconf 86' lang='lat' dir='ltr'>est.</span> <span class='ocrx_word' id='word_1_343' title='bbox 499 3893 593 3969; x_wconf 81' lang='lat' dir='ltr'>Plagae</span> <span class='ocrx_word' id='word_1_344' title='bbox 618 3904 721 3960; x_wconf 81' lang='lat' dir='ltr'>autem,</span> <span class='ocrx_word' id='word_1_345' title='bbox 742 3895 844 3965; x_wconf 91' lang='lat' dir='ltr'>quibus</span> <span class='ocrx_word' id='word_1_346' title='bbox 866 3895 1172 3971; x_wconf 80' lang='lat' dir='ltr'>murmurantesplexi</span> <span class='ocrx_word' id='word_1_347' title='bbox 1196 3908 1276 3965; x_wconf 90' lang='lat' dir='ltr'>sunt,</span> 
     </span>
     <span class='ocr_line' id='line_1_39' title="bbox 88 3981 1275 4066; baseline 0.003 -16"><span class='ocrx_word' id='word_1_348' title='bbox 88 3995 207 4059; x_wconf 82' lang='lat' dir='ltr'>omnino</span> <span class='ocrx_word' id='word_1_349' title='bbox 221 4011 237 4048; x_wconf 91' lang='lat' dir='ltr'>a</span> <span class='ocrx_word' id='word_1_350' title='bbox 251 3992 376 4049; x_wconf 90' lang='lat' dir='ltr'>ciborum</span> <span class='ocrx_word' id='word_1_351' title='bbox 392 3992 517 4059; x_wconf 82' lang='lat' dir='ltr'>satietate</span> <span class='ocrx_word' id='word_1_352' title='bbox 531 3992 669 4063; x_wconf 76' lang='lat' dir='ltr'>distinctae</span> <span class='ocrx_word' id='word_1_353' title='bbox 683 3993 787 4051; x_wconf 86' lang='lat' dir='ltr'>suerint</span> <span class='ocrx_word' id='word_1_354' title='bbox 806 4012 924 4050; x_wconf 90' lang='lat' dir='ltr'>necesse</span> <span class='ocrx_word' id='word_1_355' title='bbox 938 4003 991 4061; x_wconf 89' lang='lat' dir='ltr'>est,</span> <span class='ocrx_word' id='word_1_356' title='bbox 1006 4013 1094 4066; x_wconf 88' lang='lat' dir='ltr'>quum</span> <span class='ocrx_word' id='word_1_357' title='bbox 1109 4013 1209 4052; x_wconf 89' lang='lat' dir='ltr'>omnes</span> <span class='ocrx_word' id='word_1_358' title='bbox 1224 3981 1275 4053; x_wconf 85' lang='lat' dir='ltr'>eas</span> 
     </span>
     <span class='ocr_line' id='line_1_40' title="bbox 87 4078 1273 4166; baseline 0.003 -20"><span class='ocrx_word' id='word_1_359' title='bbox 87 4088 222 4155; x_wconf 87' lang='lat' dir='ltr'>divinitus</span> <span class='ocrx_word' id='word_1_360' title='bbox 234 4087 375 4144; x_wconf 88' lang='lat' dir='ltr'>immissas</span> <span class='ocrx_word' id='word_1_361' title='bbox 387 4078 564 4155; x_wconf 82' lang='lat' dir='ltr'>crediderint,</span> <span class='ocrx_word' id='word_1_362' title='bbox 573 4107 666 4158; x_wconf 82' lang='lat' dir='ltr'>rerum</span> <span class='ocrx_word' id='word_1_363' title='bbox 679 4089 804 4165; x_wconf 89' lang='lat' dir='ltr'>ipsarum</span> <span class='ocrx_word' id='word_1_364' title='bbox 813 4080 953 4146; x_wconf 87' lang='lat' dir='ltr'>evidentia</span> <span class='ocrx_word' id='word_1_365' title='bbox 967 4090 1065 4166; x_wconf 87' lang='lat' dir='ltr'>procul</span> <span class='ocrx_word' id='word_1_366' title='bbox 1076 4088 1161 4148; x_wconf 92' lang='lat' dir='ltr'>dubio</span> <span class='ocrx_word' id='word_1_367' title='bbox 1170 4092 1273 4150; x_wconf 84' lang='lat' dir='ltr'>eoacti.</span> 
     </span>
     <span class='ocr_line' id='line_1_41' title="bbox 90 4183 1275 4296; baseline 0.002 -53"><span class='ocrx_word' id='word_1_368' title='bbox 90 4187 158 4269; x_wconf 89' lang='lat' dir='ltr'>lpsa</span> <span class='ocrx_word' id='word_1_369' title='bbox 178 4202 241 4257; x_wconf 76' lang='lat' dir='ltr'>quae</span> <span class='ocrx_word' id='word_1_370' title='bbox 261 4183 331 4240; x_wconf 88' lang='lat' dir='ltr'>locis</span> <span class='ocrx_word' id='word_1_371' title='bbox 353 4184 495 4260; x_wconf 88' lang='lat' dir='ltr'>assignata</span> <span class='ocrx_word' id='word_1_372' title='bbox 508 4195 575 4242; x_wconf 85' lang='lat' dir='ltr'>sunt</span> <span class='ocrx_word' id='word_1_373' title='bbox 594 4185 719 4252; x_wconf 88' lang='lat' dir='ltr'>nomina,</span> <span class='ocrx_word' id='word_1_374' title='bbox 741 4185 860 4253; x_wconf 80' lang='lat' dir='ltr'>scilicet,</span> <span class='ocrx_word' id='word_1_375' title='bbox 881 4186 1052 4245; x_wconf 81' lang='lat' dir='ltr'>tentationis</span> <span class='ocrx_word' id='word_1_376' title='bbox 1073 4196 1099 4243; x_wconf 89' lang='lat' dir='ltr'>ct</span> <span class='ocrx_word' id='word_1_377' title='bbox 1123 4188 1275 4296; x_wconf 79' lang='lat' dir='ltr'>coucupis-</span> 
     </span>
     <span class='ocr_line' id='line_1_42' title="bbox 90 4279 1274 4362; baseline 0.001 -20"><span class='ocrx_word' id='word_1_378' title='bbox 90 4281 200 4349; x_wconf 74' lang='lat' dir='ltr'>centia,</span> <span class='ocrx_word' id='word_1_379' title='bbox 215 4289 349 4338; x_wconf 81' lang='lat' dir='ltr'>testantur</span> <span class='ocrx_word' id='word_1_380' title='bbox 362 4279 414 4337; x_wconf 88' lang='lat' dir='ltr'>has</span> <span class='ocrx_word' id='word_1_381' title='bbox 429 4299 536 4356; x_wconf 89' lang='lat' dir='ltr'>poenas</span> <span class='ocrx_word' id='word_1_382' title='bbox 551 4281 706 4339; x_wconf 90' lang='lat' dir='ltr'>divinitus</span> <span class='ocrx_word' id='word_1_383' title='bbox 699 4293 833 4359; x_wconf 87' lang='lat' dir='ltr'>rrrogatas</span> <span class='ocrx_word' id='word_1_384' title='bbox 849 4284 882 4340; x_wconf 90' lang='lat' dir='ltr'>ab</span> <span class='ocrx_word' id='word_1_385' title='bbox 897 4285 1027 4342; x_wconf 88' lang='lat' dir='ltr'>omnibus</span> <span class='ocrx_word' id='word_1_386' title='bbox 1042 4283 1178 4362; x_wconf 84' lang='lat' dir='ltr'>agnosci.</span> <span class='ocrx_word' id='word_1_387' title='bbox 1195 4285 1274 4357; x_wconf 92' lang='lat' dir='ltr'>quod</span> 
     </span>
     <span class='ocr_line' id='line_1_43' title="bbox 90 4376 1273 4466; baseline 0.001 -25"><span class='ocrx_word' id='word_1_388' title='bbox 90 4383 142 4441; x_wconf 84' lang='lat' dir='ltr'>vix-</span> <span class='ocrx_word' id='word_1_389' title='bbox 152 4380 213 4438; x_wconf 88' lang='lat' dir='ltr'>fieri</span> <span class='ocrx_word' id='word_1_390' title='bbox 226 4378 365 4461; x_wconf 90' lang='lat' dir='ltr'>potuisset</span> <span class='ocrx_word' id='word_1_391' title='bbox 376 4379 400 4435; x_wconf 91' lang='lat' dir='ltr'>si</span> <span class='ocrx_word' id='word_1_392' title='bbox 416 4376 471 4436; x_wconf 89' lang='lat' dir='ltr'>ulla</span> <span class='ocrx_word' id='word_1_393' title='bbox 485 4390 648 4466; x_wconf 87' lang='lat' dir='ltr'>superesset</span> <span class='ocrx_word' id='word_1_394' title='bbox 660 4381 729 4438; x_wconf 91' lang='lat' dir='ltr'>ratio</span> <span class='ocrx_word' id='word_1_395' title='bbox 744 4399 792 4464; x_wconf 87' lang='lat' dir='ltr'>eas</span> <span class='ocrx_word' id='word_1_396' title='bbox 803 4382 837 4438; x_wconf 85' lang='lat' dir='ltr'>ad</span> <span class='ocrx_word' id='word_1_397' title='bbox 853 4384 990 4448; x_wconf 83' lang='lat' dir='ltr'>naturales</span> <span class='ocrx_word' id='word_1_398' title='bbox 1001 4383 1140 4440; x_wconf 79' lang='lat' dir='ltr'>referendi</span> <span class='ocrx_word' id='word_1_399' title='bbox 1154 4403 1273 4454; x_wconf 80' lang='lat' dir='ltr'>causas3</span> 
     </span>
     <span class='ocr_line' id='line_1_44' title="bbox 86 4462 1270 4589; baseline 0.004 -57"><span class='ocrx_word' id='word_1_400' title='bbox 86 4484 233 4555; x_wconf 87' lang='lat' dir='ltr'>optassent</span> <span class='ocrx_word' id='word_1_401' title='bbox 259 4473 356 4531; x_wconf 90' lang='lat' dir='ltr'>scilica</span> <span class='ocrx_word' id='word_1_402' title='bbox 382 4462 515 4532; x_wconf 85' lang='lat' dir='ltr'>Israelitae</span> <span class='ocrx_word' id='word_1_403' title='bbox 543 4477 676 4551; x_wconf 90' lang='lat' dir='ltr'>probrum</span> <span class='ocrx_word' id='word_1_404' title='bbox 705 4496 721 4532; x_wconf 84' lang='lat' dir='ltr'>a</span> <span class='ocrx_word' id='word_1_405' title='bbox 745 4495 776 4532; x_wconf 91' lang='lat' dir='ltr'>se</span> <span class='ocrx_word' id='word_1_406' title='bbox 804 4478 919 4589; x_wconf 87' lang='lat' dir='ltr'>suisque</span> <span class='ocrx_word' id='word_1_407' title='bbox 945 4479 1098 4553; x_wconf 87' lang='lat' dir='ltr'>majoribus</span> <span class='ocrx_word' id='word_1_408' title='bbox 1126 4498 1270 4538; x_wconf 87' lang='lat' dir='ltr'>amovere</span> 
     </span>
    </p>
   </div>
   <div class='ocr_carea' id='block_1_4' title="bbox 117 4598 1232 4765">
    <p class='ocr_par' dir='ltr' id='par_1_7' title="bbox 117 4598 1232 4765">
     <span class='ocr_line' id='line_1_45' title="bbox 175 4598 882 4667; baseline 0.001 -35.013"><span class='ocrx_word' id='word_1_409' title='bbox 175 4598 213 4667; x_wconf 70' lang='lat' dir='ltr'>q.</span> <span class='ocrx_word' id='word_1_410' title='bbox 873 4620 882 4633; x_wconf 87' lang='grc'>.</span> 
     </span>
     <span class='ocr_line' id='line_1_46' title="bbox 117 4670 1232 4765; baseline 0.002 -27"><span class='ocrx_word' id='word_1_411' title='bbox 117 4689 155 4750; x_wconf 75' lang='lat'>(1)</span> <span class='ocrx_word' id='word_1_412' title='bbox 173 4687 255 4765; x_wconf 76' lang='lat' dir='ltr'>Apud.¹</span> <span class='ocrx_word' id='word_1_413' title='bbox 265 4686 355 4750; x_wconf 71' lang='lat' dir='ltr'>Euseb,</span> <span class='ocrx_word' id='word_1_414' title='bbox 366 4685 543 4751; x_wconf 81' lang='lat' dir='ltr'>Proep-Evsng.</span> <span class='ocrx_word' id='word_1_415' title='bbox 554 4686 569 4734; x_wconf 90' lang='lat' dir='ltr'>l.</span> <span class='ocrx_word' id='word_1_416' title='bbox 581 4687 604 4736; x_wconf 85' lang='lat'>9.</span> <span class='ocrx_word' id='word_1_417' title='bbox 616 4703 637 4736; x_wconf 89' lang='lat' dir='ltr'>c.</span> <span class='ocrx_word' id='word_1_418' title='bbox 648 4688 686 4736; x_wconf 79' lang='lat'>27.</span> <span class='ocrx_word' id='word_1_419' title='bbox 728 4687 766 4749; x_wconf 71' lang='lat'>(2)</span> <span class='ocrx_word' id='word_1_420' title='bbox 783 4670 1232 4763; x_wconf 55' lang='lat' dir='ltr'>mm314,m.)nxod.ro,le‚</span> 
     </span>
    </p>
   </div>
   <div class='ocr_carea' id='block_1_5' title="bbox 0 0 1377 5032">
    <p class='ocr_par' dir='ltr' id='par_1_8' title="bbox 0 0 1377 5032">
     <span class='ocr_line' id='line_1_47' title="bbox 0 0 1377 5032; baseline 0 0"><span class='ocrx_word' id='word_1_421' title='bbox 0 0 1377 5032; x_wconf 95' lang='lat' dir='ltr'> </span> 
     </span>
    </p>
   </div>
  </div>
 </body>
</html>
