2738 5032
99 247 135 305 18
521 248 578 309 DE
599 249 861 312 PROPHETllS.

97 425 253 497 praesertim
267 425 293 483 si
308 425 378 483 vivsc
393 426 471 484 vocis
492 423 633 483 traditioni
647 423 817 484 documenta
836 437 865 484 et
877 438 1061 486 monumenta
1073 445 1171 486 ooaeva
1184 424 1288 484 suffra·

94 527 208 592 *gentum
224 522 385 599 insignique
400 522 494 595 aliqua
507 514 600 581 rerum
615 522 801 580 conversione
816 523 947 582 celebria.
988 524 1122 583 Profecto
1135 523 1170 582 do
1185 520 1286 600 praeci·

98 614 162 688 puis
182 619 329 677 eventibus
351 619 428 676 illius
450 637 544 676 rerum
566 618 771 685 conversionis,
793 637 878 692 quam
901 618 1121 686 revolutionum,
1136 636 1285 684 vocamus,

95 709 317 783 Amerioonam,
332 734 365 773 eu
375 715 464 774 bodie
478 715 595 772 habetur
609 714 757 780 certitudo,
768 733 830 787 quae
841 735 955 774 ornnem
970 717 1043 774 tollit
1055 716 1261 775 dubitationem
1274 732 1283 781 3

96 825 149 864 neo
162 810 239 868 enim
251 812 315 884 quis
330 812 375 868 siri
388 829 506 886 compos
521 809 629 868 dubitat
642 808 841 887 Washington,
863 812 906 869 La
919 812 1048 888 Fayette,
1063 813 1192 885 aliosque
1212 828 1284 886 prae·

96 903 194 980 cipuas
209 907 239 964 in
250 927 284 964 ea
297 908 391 984 egisse
405 918 509 984 partes.
551 906 596 964 De
612 906 754 964 miraculis
768 905 867 965 eadem
882 918 976 984 potest
988 908 1085 966 haberi
1099 905 1248 966 certitudo.

138 997 204 1079 obj.
220 1006 247 1060 b.
271 1002 389 1061 Nullum
411 1002 576 1075 miraculum
600 1001 717 1060 idoneos
740 1003 825 1060 habet
845 1013 940 1070 testes,
956 1001 1174 1062 omuibscilicet
1196 1002 1281 1060 unius

94 1095 141 1152 vel
160 1097 273 1155 alterins
294 1099 440 1175 scriptoris
462 1098 589 1155 nituntur
610 1098 782 1169 auctoritate,
798 1107 826 1155 et
840 1098 917 1175 vulgi
936 1098 1028 1156 fama:
1051 1118 1107 1171 qua
1119 1099 1228 1158 ratione
1243 1106 1308 1161 tot,

93 1192 200 1265 absona
213 1214 329 1271 prorsus
340 1206 369 1252 et
381 1194 499 1254 ridicula
511 1195 541 1263 iu
556 1195 724 1252 Sanctorum
736 1196 812 1264 vitis,
824 1195 943 1268 aliisque
954 1195 1033 1253 libris
1044 1206 1204 1254 occurrunt.
1240 1194 1284 1252 lta

94 1288 201 1350 Hume.
251 1281 264 1303 ⁹
576 1354 579 1361 f
814 1277 817 1282 ’

130 1387 219 1466 Resp.
242 1390 358 1448 Habent
377 1388 491 1462 quidem
514 1387 635 1465 plurima
659 1387 794 1451 miracula
817 1392 904 1445 testes
927 1405 1048 1464 numero
1067 1397 1096 1444 et
1115 1376 1280 1445 auctoritate

91 1484 267 1559 erstantes‚
283 1487 385 1558 quibus
400 1485 568 1562 suffragatur
581 1486 665 1543 ctiam
680 1495 747 1542 nota
765 1485 937 1561 'populorum
958 1483 993 1542 ad
1013 1483 1099 1542 fidem
1116 1484 1279 1550 conversio,

89 1579 125 1636 iis
134 1581 270 1639 subsidiis
281 1581 404 1639 effecta·
427 1582 491 1639 Nec
502 1581 566 1639 ideo
581 1594 648 1639 sunt
660 1580 814 1657 rejicienda
825 1580 901 1654 quod
912 1579 1041 1653 quaedam
1056 1581 1282 1657 minusprobata

89 1686 246 1744 occurrant,
258 1677 333 1734 sicut
345 1696 403 1734 non
417 1696 501 1734 omne
516 1677 664 1735 hominurn
682 1677 875 1738 testimonium
896 1675 1147 1755 respuitur,quod,
1161 1677 1280 1754 perjurii

88 1789 154 1829 reus
175 1772 277 1845 aliquis
298 1784 447 1831 noscatur.·
483 1771 626 1831 Catemm
648 1792 701 1829 nec
726 1784 831 1829 temere
856 1771 999 1851 miraculis
1021 1770 1204 1840 credendum,
1226 1791 1281 1830 neo

88 1866 181 1924 statim
196 1867 349 1945 rejicienda
368 1876 434 1926 'sunt
448 1887 510 1940 quae
532 1867 696 1934 afferuntur,
708 1866 762 1924 ‘sed
784 1866 883 1930 sedulo
906 1850 1034 1926 instituto
1053 1868 1281 1942 examiue‚,quae

88 1961 191 2023 idoneo
205 1965 331 2024 nituntur
345 1965 517 2037 testimonio,
533 1973 599 2020 sunt
612 1962 765 2040 probanda,
781 1963 843 2022 aliis
857 1963 1019 2039 sepositis²

369 2238 371 2243 ’
436 2262 471 2312 c.
493 2262 550 2313 vv.
574 2261 629 2312 uu
652 2261 935 2329 recensu-us.

128 2444 156 2501 A
168 2444 322 2511 miraculis,
336 2463 398 2516 quae
411 2454 515 2502 tantam
530 2444 635 2502 habent
646 2443 783 2520 probandi
795 2444 864 2512 viru,
876 2442 911 2501 ad
922 2444 1054 2511 vaticinia
1064 2447 1278 2509 transeundum.
1299 2504 1303 2509 .

79 2540 262 2598 .Vatioinium
283 2551 376 2598 autern
400 2540 502 2599 dicitur
523 2540 638 2598 effatum
662 2551 769 2598 certum
791 2538 825 2598 de
840 2559 870 2598 re
884 2540 977 2598 futura
991 2561 1054 2614 quae
1075 2543 1153 2602 nullo
1173 2547 1279 2604 mentis

87 2639 219 2698 humanae
241 2630 348 2696 lumine
359 2646 361 2651 ⁴
371 2636 462 2714 potuit
479 2639 678 2697 innotesceres
708 2637 795 2696 Plura
812 2637 928 2710 quidem
942 2639 1129 2715 praesciuntur
1142 2642 1177 2699 ab
1192 2655 1280 2703 astro·

84 2736 190 2804 uomis,
204 2735 324 2807 aliisque
339 2735 441 2807 quibus
456 2747 562 2795 naturae
576 2733 654 2811 leges
669 2744 735 2791 sunt
748 2741 916 2810 perspectae,
931 2733 1096 2808 calculoque
1110 2735 1195 2805 facto,
1210 2757 1275 2811 quae

84 2843 150 2910 post
163 2827 253 2890 annos
267 2831 405 2908 plurimos
420 2841 560 2888 eventurae
575 2840 642 2888 sunt
659 2830 731 2888 'solis
752 2829 873 2887 lunoeve'
885 2828 1059 2888 defectiones
1073 2830 1276 2907 proedicuutur.

84 2931 159 2988 Sunt
172 2941 270 2987 autem‘
281 2928 396 3005 plurimi
410 2923 702 3009 rerum-eventusqui
716 2946 773 2984 nou
787 2926 923 2993 exsertis
937 2925 1077 2998 aliquibus
1088 2937 1196 2986 uaturae
1209 2929 1279 3008 legi·

82 3027 146 3092 bus,
159 3025 211 3082 scd
225 3044 262 3082 ex
275 3024 407 3081 humanae
418 3025 570 3082 voluntatis
584 3024 674 3081 libero
688 3023 812 3090 arbitrio,
828 3023 953 3080 hominis
967 3022 1082 3081 incertis
1097 3013 1239 3094 consiliis,
1249 3037 1279 3085 et

83 3121 189 3187 causis,
204 3120 245 3203 uti
259 3120 346 3186 aiunt,
361 3119 601 3195 contingentibus,
617 3117 759 3195 pendent,
793 3111 983 3195 Conjicieudo
1004 3129 1098 3195 potest
1111 3121 1175 3193 quis
1189 3123 1276 3182 etiam

84 3218 220 3278 nonnulla
229 3216 394 3294 hujusmodi
406 3216 616 3289 quodammodo
628 3217 752 3289 assequi,
764 3236 826 3290 quae
836 3216 912 3275 enirn
924 3228 1132 3276 consueverunt
1142 3200 1275 3280 homiues

84 3317 113 3374 in
129 3314 297 3395 quibusdam
313 3333 407 3372 rerum
425 3313 576 3390 adjunctis,
591 3313 636 3371 vel
658 3332 709 3389 pro
729 3332 781 3370 sua
801 3313 937 3389 peculiari
958 3308 1063 3383 indole,
1079 3335 1172 3392 agere,
1187 3336 1275 3396 sagax

84 3407 266 3490 prudensque
281 3409 324 3468 vir
344 3430 393 3468 eos
417 3410 616 3467 verosimiliter
638 3414 748 3467 acturos
770 3429 829 3486 prae
859 3408 923 3467 det:
947 3420 975 3467 et
991 3430 1048 3483 quo
1071 3413 1163 3489 magis
1186 3415 1275 3490 pollet

83 3511 191 3586 ingenii
207 3509 282 3565 viae
298 3507 401 3585 judicii
419 3506 558 3573 acumine,
574 3524 608 3562 eo
623 3505 726 3563 certius
741 3505 818 3578 quid¹
829 3505 954 3563 futurum
977 3505 1014 3575 sit
1036 3507 1160 3582 conjicit.
1203 3509 1277 3569 Sunt

83 3617 176 3666 autern
193 3605 321 3678 quaedam
335 3591 408 3662 adeo
423 3621 525 3679 magno
546 3602 674 3659 locorum
696 3612 891 3678 temporumve
912 3601 1058 3660 intervallo
1072 3602 1181 3673 dissita,
1197 3619 1276 3665 etex

82 3703 195 3761 fortuita
219 3685 366 3765 causarum
390 3699 463 3757 serie
485 3709 513 3754 et
533 3698 664 3779 congerie
688 3697 849 3773 pendentia,
864 3707 895 3754 ut
914 3697 1275 3773 sagacissimammeutem

83 3819 199 3879 prorsus
214 3799 359 3874 effugiant,
376 3796 490 3855 nonnisi
512 3796 620 3853 lumine
635 3795 838 3871 supernaturali
853 3789 1055 3871 patefacienda.
1098 3797 1155 3863 Qui
1169 3798 1275 3860 daemo·
1313 3861 1317 3867 ,

82 3900 166 3958 nibus
181 3897 316 3956 miracula
330 3894 458 3973 patrandi
477 3905 662 3973 potestatem,
671 3892 706 3949 iis
722 3893 806 3975 etiam
821 3911 921 3949 arcana
934 3892 1077 3951 revelandi
1091 3913 1128 3952 ex
1141 3897 1214 3956 mira
1227 3899 1276 3958 illa

84 4016 140 4070 qua
153 3994 261 4072 pollent
281 3991 409 4059 scientia,
425 4009 484 4046 suae
505 3989 654 4066 superiori·
665 3999 771 4047 nuturae
785 4008 919 4065 congrua,
934 3988 1094 4049 facultatem
1114 3993 1275 4054 tribunum·

84 4112 140 4169 qua
153 4093 261 4151 ratione
275 4089 419 4166 explicant
439 4086 552 4145 oracula
571 4086 719 4163 gentilium
743 4086 813 4144 adeo
827 4080 975 4155 celebrata,
990 4098 1018 4145 et
1032 4082 1168 4161 quasdam
1182 4092 1274 4152 fatidi-

85 4182 183 4257 odiu'm
198 4186 399 4245 hodiernorum
415 4202 518 4251 voces3
535 4202 604 4255 quas
620 4193 714 4240 tamen
729 4183 791 4240 aliis
806 4182 898 4259 placet
911 4183 984 4241 inter
1003 4184 1115 4243 fraudes
1125 4188 1274 4266 '‘conjectu-

117 4423 152 4487 (1)
170 4419 232 4491 Vide
242 4376 395 4472 Muzzurolli,
407 4418 422 4442 “
430 4402 528 4462 ll'buon
539 4397 585 4459 uso
593 4406 792 4483 delloslaogicflfr
820 4409 942 4472 0P¹¹⁸⁰⁰l⁰
951 4416 1031 4460 ⁰²⁸²'0
1042 4411 1153 4464 Numeri)
1161 4431 1175 4464 θ
1183 4418 1277 4479 illumi

83 4510 122 4559 dei
136 4503 246 4557 miracoli
258 4509 274 4549 l.
287 4499 320 4558 ii,
331 4516 353 4562 p.
366 4497 420 4546 170.
940 4566 942 4571 ⁴

116 4593 151 4654 (ἓ)
168 4590 197 4639 P.
209 4584 295 4638 Baltus
308 4597 399 4646 nrugna
409 4577 554 4630 cruditionis
565 4579 635 4642 copia
646 4577 711 4628 hauc
722 4583 820 4627 strenue
831 4576 940 4631 defendit
949 4578 1104 4646 sententiam.
