2768 5032
515 278 571 339 DE
591 276 862 341 TRADITIONE.
1216 278 1272 334 atr

91 438 249 499 innumera
263 438 434 512 quaestiones
445 437 584 514 agitantur
597 436 632 495 de
646 456 712 495 vera
721 438 853 505 lectione,
865 432 936 494 etde
948 454 1033 494 sensu
1046 434 1179 513 genuino,
1188 432 1273 491 etiam

91 538 123 595 in
136 538 219 594 rebus
234 535 402 613 praecipuis:
418 532 488 591 adeo
497 543 528 590 ut
541 552 576 590 ne
591 534 771 593 doctissimus
781 533 895 607 quidem
911 533 1001 609 possit
1014 531 1048 590 de
1063 550 1116 589 sua
1135 528 1274 587 sententia

90 646 186 693 certus
201 650 276 703 mse,
291 633 354 691 aliis
368 642 465 690 contra
478 632 668 707 opinantibus.

443 1075 481 1133 Ο.
494 1072 550 1134 lll.
570 1072 627 1132 DE
649 1072 919 1134 TRthTlONE.

134 1234 263 1294 Verbum
286 1232 439 1301 internum,
454 1250 505 1290 seu
529 1231 728 1290 revelationem
756 1232 875 1311 singulis
897 1234 1008 1303 factam,
1029 1254 1085 1293 uon
1109 1255 1194 1312 posse
1208 1238 1275 1297 fidei

100 1332 230 1411 regillam
242 1330 338 1399 statui,
351 1330 422 1405 quin
441 1330 620 1389 illusionibus
640 1328 815 1406 gravissimis
829 1340 857 1387 et
870 1331 1025 1389 innumeris
1046 1345 1153 1409 pateret
1173 1333 1276 1404 aditus,

98 1427 237 1489 vidimus.
277 1426 421 1504 Scriptum
432 1424 549 1485 verbum
562 1443 619 1483 nou
633 1443 719 1501 posse
732 1425 836 1483 habere
849 1427 985 1487 rationem
1000 1430 1129 1506 perfectae
1144 1441 1173 1489 et
1186 1432 1277 1490 unicae

98 1522 169 1583 fidei
190 1522 294 1601 regula
317 1524 400 1581 etiam
423 1520 700 1599 tnomoavimnrp
720 1520 829 1597 indiget
841 1524 917 1582 enim
939 1534 967 1582 et
985 1534 1055 1584 teste
1069 1537 1098 1585 et
1118 1527 1279 1605 interprete.

98 1616 171 1687 Qum
182 1618 268 1697 igitur
279 1628 324 1677 est
336 1628 411 1677 certa
424 1616 472 1677 ille
484 1616 555 1677 ratio
568 1634 653 1690 quam
667 1614 800 1675 Christus
820 1620 924 1687 statuit,
938 1630 969 1677 ut
988 1621 1119 1681 homines
1139 1625 1276 1685 revelatas

98 1714 231 1775 veritates
240 1712 384 1773 addiscere
395 1712 533 1792 possenti
553 1714 617 1781 Est,
629 1722 661 1770 ut
678 1696 870 1789 probavimus,
880 1714 1037 1793 Apostolici
1049 1721 1197 1779 ministerii
1209 1740 1279 1800 pra-

98 1810 203 1905 dioatio
216 1830 345 1880 coucam
360 1812 473 1888 publica
486 1820 515 1868 et
525 1809 661 1869 solemnis
675 1808 810 1870 doctrina.
831 1806 974 1869 Caeterum
987 1832 1073 1885 quum
1088 1817 1235 1894 inspiratio
1246 1839 1279 1878 ao

98 1908 235 1969 revelatio
254 1928 314 1969 nou
334 1910 465 1986 singulis,
486 1926 540 1967 neo
560 1907 644 1966 caetui
665 1907 722 1984 ipsi
745 1906 895 1967 Pastorum
920 1908 1084 1980 vindicetur,
1099 1915 1150 1972 sed
1173 1926 1279 1977 tantum

99 2004 241 2065 auxilium
254 2002 407 2078 quoddam,
423 2021 480 2077 quo
500 2003 613 2078 possint
635 2001 721 2061 fidem
742 2004 831 2061 semel
852 2004 955 2062 sanctis
969 2005 1096 2065 traditam
1117 2011 1200 2079 tueri,
1216 2012 1280 2071 ideo

98 2098 199 2177 regula
211 2115 298 2171 quam
311 2097 368 2173 ipsi
382 2096 510 2155 docendo
523 2107 680 2169 sequuntur
693 2108 737 2154 eet
749 2098 880 2168 traditio,
895 2100 1004 2158 scilicet
1016 2102 1080 2179 ipsa
1099 2103 1280 2166 decessorum

97 2210 219 2253 auomm
233 2190 369 2259 doctrina,
384 2193 449 2268 ipsa
473 2190 558 2249 totius
581 2191 720 2249 Ecclesia
742 2192 823 2261 fides,
844 2195 879 2252 ab
900 2197 1065 2271 Apostolica
1086 2210 1165 2258 aetate
1190 2221 1281 2277 usque

104 2290 255 2349 derivata.²
295 2288 390 2354 Quum
404 2296 498 2347 autem
511 2306 569 2345 vox
582 2288 630 2347 illa
643 2307 854 2361 nonnumquam
874 2290 1036 2351 adhibeatur
1056 2296 1090 2353 ad
1104 2297 1282 2361 indicandam

100 2405 205 2463 vagum
220 2402 427 2459 quemcumque
443 2402 585 2445 rumorem
606 2384 705 2461 populi
725 2384 844 2473 alicujup
858 2389 995 2447 memoria
1007 2392 1188 2464 celebratum,
1203 2398 1281 2457 nullo

101 2494 178 2542 certo
200 2491 394 2549 monumento,
409 2479 456 2540 vel
476 2490 557 2548 teste,
573 2481 727 2558 plurimum
748 2483 811 2559 ejus
832 2485 1009 2562 ambiguitate
1025 2491 1106 2549 abusi
1127 2502 1194 2553 sunt
1215 2495 1283 2554 fidei

101 2578 199 2637 hostes
209 2576 359 2645 vaferrimi,
366 2586 398 2634 ut
405 2576 541 2635 invidiam
552 2578 656 2654 regula
665 2578 829 2636 certissima
839 2582 1001 2651 conflarent,
1012 2584 1187 2646 insinuantes
1196 2590 1282 2650 fidem

102 2684 227 2733 nostram
252 2674 357 2731 incerta
377 2673 545 2748 populorum
566 2673 642 2731 sama
660 2673 722 2729 uiti.
764 2672 810 2731 Ad
832 2674 904 2733 banc
924 2682 1134 2751 precavendam
1156 2684 1282 2745 fraudem

105 2767 388 2829 animadvertendum
402 2767 542 2842 imprimis
565 2777 607 2825 est
621 2767 820 2837 traditionem,
835 2786 897 2843 qua
911 2770 977 2828 fidei
997 2784 1100 2833 nostrus
1113 2780 1210 2854 regula
1230 2794 1283 2851 est,

102 2867 229 2926 maxima
246 2884 284 2925 ex
296 2874 374 2943 parte
389 2864 543 2939 scripturis
557 2864 704 2931 contineri,
719 2870 847 2923 ettotam
871 2866 901 2925 in
922 2872 1111 2928 monumentis
1133 2873 1284 2937 documen·

105 2966 200 3039 tisque
215 2962 388 3023 Christianae
401 2958 584 3033 antiquitatis,
598 2970 626 3018 et
646 2960 848 3019 cousuetudine
872 2964 1002 3037 cultuque
1027 2969 1140 3043 publico
1164 2973 1285 3036 christi·

106 3063 233 3121 fidelium
258 3080 308 3138 per
330 3061 436 3124 orbem,
451 3077 502 3135 per
525 3058 623 3117 omnia
640 3069 714 3116 retro
734 3059 837 3117 secula
861 3061 1036 3123 celebratam.
1077 3068 1176 3149 Longe
1201 3074 1286 3153 igitur

107 3157 191 3216 distat
205 3158 240 3214 ab
254 3157 367 3214 incertis
381 3155 551 3222 rumoribus,
566 3154 709 3214 valeriam
724 3175 740 3211 a
760 3156 931 3233 singularum
944 3162 1069 3237 gentium
1091 3172 1283 3242 persuasione,

108 3272 171 3327 quae
186 3252 307 3311 traditio
320 3249 421 3309 localia
435 3249 520 3317 audit,
536 3270 622 3323 quum
637 3251 685 3309 illa
699 3253 737 3309 sit
748 3252 914 3311 universalis
927 3262 957 3313 et
974 3271 1118 3333 perpetua.
1161 3264 1244 3329 Quod
1259 3268 1284 3324 si
1322 3274 1325 3281 '

107 3351 172 3424 quis
182 3359 296 3422 quarat,
307 3368 356 3406 cur
364 3366 421 3406 vox
432 3348 563 3425 ambigua
570 3360 730 3425 usurpetur,
740 3351 849 3406 noverit
860 3369 921 3409 eam
933 3354 1041 3411 anobis
1053 3355 1189 3427 adhiberi,
1202 3362 1284 3422 Pauli

107 3445 307 3506 inherentibus
322 3444 464 3521 exemplo:
487 3453 506 3479 “
516 3444 626 3512 State,”
642 3445 780 3502 scribebat
793 3444 828 3501 ad
842 3446 1123 3519 Thessalonicenses,
1140 3473 1211 3527 quos
1222 3458 1283 3535 jam

109 3545 174 3602 viva
186 3561 256 3601 voce
268 3543 433 3607 instituerat,
449 3552 477 3598 et
489 3540 577 3598 semel
591 3542 706 3618 scripto,
723 3551 741 3577 ‘¹
754 3552 783 3598 et
801 3554 892 3599 tenete
913 3544 1073 3604 traditiones
1089 3564 1135 3616 τας
1147 3559 1286 3625 ‚rapam

109 3661 180 3715 ques
192 3640 324 3707 didicitis,
338 3640 399 3695 sive
420 3657 472 3715 per
490 3657 660 3707 sermonem,
680 3640 741 3695 sive
761 3658 812 3716 per
825 3640 972 3715 epistolam
986 3645 1157 3702 nostram.”¹
1196 3648 1286 3709 Adest

109 3748 245 3815 praterea
268 3735 456 3812 pulcherrima
476 3736 546 3791 ratio
567 3754 618 3793 cur
630 3754 729 3793 vocem
752 3735 944 3823 adhibeamus,
960 3758 995 3795 ne
1019 3739 1173 3800 doctrinam
1188 3760 1284 3805 nostro

109 3834 226 3911 iugenio
235 3831 375 3891 excudere
386 3850 561 3899 censeamur,
574 3850 660 3904 quum
674 3832 745 3890 nihil
758 3833 835 3901 novi,
848 3834 918 3891 nihil
929 3853 944 3891 e
956 3845 1052 3894 nostro
1066 3856 1140 3914 penu
1155 3859 1284 3918 promere
1317 3876 1321 3881 ·

108 3930 242 3998 velimus,
264 3926 314 3985 sed
328 3927 435 3984 tradita
448 3925 516 3985 fidei
529 3926 675 3984 inherere.

611 4102 793 4145 mattarum.

150 4242 292 4310 Traditio,
304 4251 441 4316 quatenus
455 4242 618 4318 intelligitur
632 4240 757 4301 doctrina
770 4244 927 4319 Apostolici
940 4245 1089 4308 ministerii
1100 4261 1130 4309 et
1143 4250 1213 4309 fides
1223 4254 1286 4309 uui·

112 4340 229 4397 venalis
249 4338 398 4405 Ecclesia,
413 4357 463 4415 per
486 4338 582 4396 omnia
602 4347 675 4395 retro
700 4338 818 4407 Saecula,
834 4352 877 4396 est
897 4340 982 4417 plena
1001 4363 1034 4402 ac
1055 4346 1198 4420 adaquata
1217 4347 1285 4406 tidei

112 4436 219 4515 regnu.

146 4568 185 4633 rr)
200 4568 265 4619 uu
274 4566 403 4635 amauri
413 4583 460 4619 von
472 4567 503 4618 u.
513 4565 537 4617 J.
549 4566 579 4618 n
588 4564 1120 4637 Monterl.1.es.§³³.p.2taed.uuna
1134 4575 1207 4627 rans.

144 4654 186 4719 (a)
203 4652 329 4705 urum
339 4652 365 4702 u.
376 4651 414 4701 14.
