2768 5032
104 269 165 326 m
388 267 445 327 DE
467 266 642 327 CANONE
662 266 1005 331 somruumust.

104 441 238 502 Concilio
251 440 402 501 Iaodiceae
415 445 444 502 in
458 443 587 521 Phrygia
601 444 760 512 Pacatiana,
774 450 815 503 22
829 446 974 523 episcopis
987 455 1143 513 constuite,
1157 460 1205 503 an.
1222 443 1289 504 sta.

103 541 274 600 Tridentino
297 541 410 600 Canoni
433 555 499 600 sunt
520 542 692 610 conlormes',
717 545 846 617 quamvis
870 544 943 602 liber
966 544 1078 602 Barsch
1103 564 1120 602 a
1144 543 1289 621 plerisque

102 649 235 705 taceatur,
250 641 398 696 consuevit
417 640 535 717 quippe,
550 654 581 696 ut
600 641 832 699 luculentissimis
851 641 1109 700 demonstrabimus
1135 640 1289 717 exemplis,

102 738 219 796 nomine
231 736 376 804 Jeremiae,
391 739 473 815 cujus
488 738 600 796 Baruch
615 752 674 796 erat
687 740 796 808 Scriba,
809 739 927 798 laudari.
968 740 1053 808 Quod
1063 749 1157 798 autem
1172 739 1294 816 pertinet

101 834 137 893 ad
152 834 315 893 Concilium
330 836 535 903 Laodicenum,
546 856 636 895 canon
651 842 702 895 60¹
715 857 773 911 quo
786 839 943 899 referuntur
963 839 1027 897 libri
1049 840 1080 897 in
1099 838 1201 896 Latina
1221 837 1293 895 Dio·

101 933 180 1010 nysii
194 934 325 992 versione
340 934 544 1002 desiderantur,
560 936 625 992 etsi
639 936 712 993 latus
726 936 819 1003 fuerit,
831 937 889 994 vim
904 948 979 995 certe
992 947 1072 1011 extra
1085 930 1163 994 illam
1177 935 1291 1014 provin·

101 1030 176 1088 ciam
189 1048 248 1088 nou
261 1031 392 1100 obtinuit,
406 1033 446 1089 uti
462 1031 582 1089 fatentur
598 1019 757 1110 Scriptores
782 1033 1004 1091 Protestantici.¹
1042 1033 1076 1093 Id
1098 1032 1214 1106 quidem
1234 1033 1294 1091 sni·

100 1125 333 1187 madvertcudum
346 1127 448 1186 librum
463 1128 576 1185 Baruch
596 1129 626 1184 in
642 1129 744 1186 Graeco
764 1140 844 1187 textu
863 1130 1029 1188 recenseri.⁸
1048 1129 1176 1187 -Estner
1199 1124 1312 1196 antem,

100 1234 130 1282 et
142 1225 340 1303 Apocalypsin
361 1228 553 1304 praetermitti:
581 1226 651 1286 aden
675 1230 707 1285 u't
718 1225 934 1287 ¹Protestanti'co
955 1229 1058 1289 canoni
1079 1228 1133 1286 hae
1156 1247 1195 1286 ex
1212 1238 1291 1305 parte

99 1321 175 1381 haud
203 1320 382 1400 suffragetur.
436 1323 531 1383 Habet
558 1324 644 1401 igitur
677 1325 863 1383 Tridentinus
898 1307 1000 1386 Canon
1034 1344 1134 1383 omnes
1171 1325 1302 1383 Veteres

100 1418 236 1479 Cauones
264 1439 300 1479 ex
327 1421 444 1497 publica
467 1422 630 1479 auctoritate
657 1420 748 1481 editos'
775 1424 829 1480 sibi
864 1423 1035 1491 conformes,
1062 1423 1089 1479 si
1113 1440 1204 1480 uuum
1224 1438 1292 1499 pau·

99 1535 197 1575 corum
212 1516 413 1593 episcoporum
427 1517 457 1575 iu
472 1518 618 1594 provincia
639 1519 715 1575 Asia
740 1519 878 1595 excipias,
896 1538 1016 1592 quorum
1041 1519 1194 1576 auctoritas
1210 1530 1288 1576 extra

99 1632 163 1673 eam
176 1631 236 1671 non
249 1623 294 1670 est
306 1624 428 1690 recepta.
471 1613 566 1672 Habet
574 1616 658 1672 etiam
668 1616 759 1692 ipsius
769 1616 964 1673 Schismaticae
974 1615 1142 1673 Graecorum
1151 1615 1289 1673 Ecclesia

98 1711 324 1769 consentientem
339 1709 529 1776 traditionem,
543 1730 644 1769 omnes
664 1713 784 1769 enimin
810 1712 930 1789 Sy‘nodo
955 1711 1222 1788 Hierosolymitana
1245 1730 1291 1769 an.

102 1813 178 1869 lore
193 1810 246 1867 sub
257 1808 399 1868 Dositheo
409 1810 572 1868 Patriarcba
586 1810 708 1867 solemni
721 1807 833 1868 decreto
845 1808 976 1888 agnovit,
984 1805 1164 1884 tamquam-t‘
1174 1809 1283 1868 canoni·

97 1924 148 1964 cos
163 1906 192 1963 e't
205 1905 321 1964 Sacram
335 1905 543 1983 scripturam,'’
558 1888 692 1978 quoniam
713 1905 890 1963 eos'tradidit
903 1908 1018 1978 antiqua
1036 1905 1224 1972 consuetudo,
1240 1920 1287 1962 seu

97 2003 190 2082 magis
205 2003 339 2063 Ecclesia
353 2003 536 2062 Catholica.‘'
577 2004 660 2061 Nihil
674 2005 741 2062 novi
752 2003 846 2061 studio
858 2005 979 2080 partium
989 2024 1005 2060 a
1016 2002 1190 2061 Tridentino
1198 2003 1289 2060 decre·

97 2111 157 2159 tum
172 2110 291 2168 constat,
306 2099 358 2157 sed
372 2100 474 2156 veteris
488 2099 604 2156 canonis
619 2101 828 2166 auctoritatem,
838 2101 923 2156 totius
938 2098 1103 2157 Occidentis
1118 2108 1148 2155 et
1162 2098 1285 2157 Orientis

97 2216 114 2254 a
127 2207 169 2254 tot
181 2196 293 2255 saeculis
308 2195 499 2254 consensione
520 2195 654 2273 agnitam,
668 2207 774 2257 sancte,
786 2205 941 2273 servarunt.
982 2194 1048 2252 Jam
1071 2196 1141 2254 verb
1156 2196 1189 2253 si
1211 2195 1286 2253 Deus

96 2301 198 2354 omnes
213 2284 423 2353 Christilideles
437 2294 467 2350 iu
481 2313 511 2351 re
526 2294 594 2350 tanti
616 2295 762 2362 momenti,
778 2308 877 2351 norma
897 2295 1003 2371 quippe
1017 2303 1046 2349 et
1065 2292 1130 2350 fons
1151 2292 1283 2351 doctrine
1308 2304 1310 2309 '

95 2391 170 2449 sacri
188 2390 254 2448 libri
278 2398 461 2457 sunt,'errare
482 2386 590 2457 siveri't,
604 2408 657 2466 per
681 2401 728 2447 tot·
745 2389 858 2458 s'aecula,
886 2388 921 2446 de
943 2387 1096 2466 Religione
1120 2387 1283 2447 Christiana

95 2483 351 2542 ectumridetur.'
571 2494 575 2499 '
659 2470 705 2545 ¹,
770 2489 774 2497 '
845 2499 847 2503 ’
958 2491 961 2495 “

134 2581 188 2640 Illa
201 2580 313 2639 traditio
325 2581 451 2655 antiqua,
465 2598 502 2638 ex
517 2580 638 2660 publicis
652 2581 830 2639 documentis
844 2581 918 2640 adeo'
935 2582 1096 2650 manifesta,
1112 2598 1149 2640 ex
1164 2582 1283 2641 Petrum

94 2681 180 2740 etiam
194 2679 309 2757 scriptis
324 2680 467 2758 probatur,
482 2681 591 2765 passim
605 2680 682 2738 enim
701 2679 788 2738 citant
805 2681 893 2738 libros
914 2681 978 2761 illos
999 2669 1143 2755 tamquam
1163 2679 1284 2760 divinos,

94 2779 171 2839 haud
183 2779 313 2857 exceptis
323 2776 380 2839 lllis
392 2779 441 2852 qui
456 2780 550 2837 minus
562 2778 681 2837 idoneos
689 2777 852 2856 judicarunt
863 2779 897 2837 sd
906 2766 1071 2856 dogmatum
1080 2780 1284 2856 probationem,

94 2897 167 2952 quos
181 2878 200 2936 J
202 2877 276 2937 udaei
290 2876 367 2936 haud
380 2876 579 2954 agnoscebant.
596 2866 599 2870 ⁸
618 2877 802 2935 ‹Testimonia
817 2877 912 2950 aliqua
925 2877 1060 2955 deinceps
1075 2877 1238 2964 afferemus.

133 2976 168 3034 Id
181 2976 266 3035 etiam
280 2975 356 3033 haud
370 2974 599 3052 praetereundum>
621 2996 673 3053 per
685 2976 739 3034 hos
749 2974 840 3035 libros
865 2968 990 3035 historie
1015 2997 1103 3035 sacras
1128 2973 1287 3036 seriem'ad
1307 2969 1310 2973 ’

94 3083 223 3150 tempora
238 3073 347 3133 Christi
361 3074 493 3132 adventui
507 3075 640 3151 proxima
652 3074 842 3149 deduci,squae
857 3076 934 3134 enim
944 3075 978 3133 ad
993 3068 1228 3134 Machabaeorum
1241 3093 1283 3134 res
1331 3136 1339 3161 0

93 3181 188 3250 gestas
202 3162 579 3251 pertinentlaeuuam'valde
599 3162 740 3248 magnam-
754 3173 906 3255 supplent3
928 3173 1025 3231 divino
1045 3183 1140 3233 autem
1166 3173 1283 3251 consilio

92 3287 253 3330 consonum
267 3267 383 3326 videtur
391 3253 538 3326 historiam
553 3288 569 3325 a
582 3267 681 3326 mundi
703 3269 811 3351 origiue
832 3268 866 3326 ad
888 3268 1036 3329 Christum
1057 3270 1219 3343 Dominum
1239 3270 1283 3328 de·

93 3365 206 3450 ducere,
221 3375 254 3424 ut
265 3365 335 3424 finis
346 3366 409 3443 ipse
423 3356 551 3423 omnium
566 3385 629 3439 quae
643 3376 847 3443 precesserant
866 3366 1063 3447 (inhiberetur.¹
1097 3352 1285 3448 ln‘ommbus

91 3463 171 3523 libris
186 3448 263 3522 idem
278 3461 381 3520 divine
395 3462 492 3539 gloriae
507 3448 633 3521 studium·
646 3462 748 3532 elucet,
764 3456 861 3523 o'u'r'uia
873 3452 979 3541 quippe
994 3462 1029 3521 ad
1043 3462 1151 3523 'Deum'
1161 3465 1287 3523 referun-

93 3572 148 3629 tur,
164 3571 192 3618 et
205 3560 278 3638 legis
294 3560 386 3629 zelus,
400 3572 429 3618 et
442 3560 554 3619 animus
569 3561 599 3618 iu
620 3579 655 3618 ea
678 3559 782 3619 tuenda
806 3561 928 3620 invictus
942 3556 1164 3639 pulcherrimis
1177 3564 1208 3621 et
1227 3580 1288 3621 vere

92 3655 229 3717 mirandis
249 3653 392 3733 exemplis
408 3648 575 3716 exhibetur.
618 3656 735 3714 Morum
761 3657 902 3734 principia
922 3649 1063 3743 sapientia
1089 3658 1174 3735 plane
1197 3659 1288 3717 diviua

91 3752 186 3834 plebs,
202 3764 230 3813 et
240 3756 391 3832 puritatem
403 3755 637 3836 sanctitatemque
651 3744 957 3831 spirantiatraduntur3
973 3766 1001 3813 et
1010 3742 1110 3814 omnia
1120 3756 1171 3815 illa
1185 3757 1288 3824 clarent

92 3849 287 3927 inspirationis
301 3852 407 3910 iudicia
417 3870 479 3924 que
490 3850 519 3908 in
531 3852 638 3921 ceteris
647 3850 731 3908 libris
737 3850 833 3908 mirari
844 3864 897 3908 est.
937 3850 1287 3922 Praeclarum-vaticinium

92 3948 127 4008 de
152 3947 323 4013 Judaorum'
331 3951 362 4009 in
390 3949 549 4018 Christum,
565 3969 597 4011 se
619 3944 797 4018 FiliumD'ei
812 3939 963 4019 dicentem,
973 3932 1238 4023 'machinationibus
1259 3950 1288 4008 in

91 4044 245 4124 sapientie
260 4045 333 4105 libro
345 4047 506 4130 continetur
516 4050 539 4103 :⁴
551 4043 677 4113 alterum
692 4045 727 4103 dc
742 4045 806 4105 Deo
821 4046 851 4127 iu
864 4046 945 4107 terris
955 4047 1033 4114 uiso,
1047 4044 1286 4127 etcum-homini·

90 4146 144 4205 bus
157 4154 297 4232 versante,
312 4147 342 4205 in
354 4136 428 4206 libro
441 4142 580 4219 Bantch⁵
593 4220 596 4229 Δ
610 4145 664 4205 ,De
685 4144 833 4223 sapientia·
843 4165 877 4208 ea
895 4140 1102 4221 dicunturque
1118 4137 1288 4226 mysterium
1327 4193 1330 4203 .

224 4297 228 4303 .
256 4263 261 4269 ‘
284 4302 531 4363 tll‘r.1.001.792.
641 4306 644 4310 ’
756 4349 758 4352 ⁴
877 4322 879 4327 ,

287 4386 325 4448 (2)
337 4384 437 4451 l³²ley's
447 4387 585 4436 Evidcnoes
597 4385 627 4435 of
635 4385 807 4452 Christianity‚
818 4402 840 4435 c.
850 4385 884 4435 ix.
895 4385 916 4446 ᾳ,
927 4384 950 4436 6,
964 4411 965 4414 ¹
976 4383 998 4415 ,-·
1012 4399 1015 4404 Α

293 4466 897 4553 (³)1⁵s⁶nl⁰saeialho⁰impnothsirs50acl.
1077 4493 1079 4497 ν
1158 4460 1162 4470 ’
1192 4466 1211 4498 κ’

286 4555 323 4619 (⁴.)
335 4555 363 4605 Ο.
375 4555 400 4623 ίίτ
412 4555 450 4606 12.
623 4615 625 4618 ι
1055 4550 1075 4599 ᾖ

287 4640 323 4704 (5)
336 4639 433 4690 Bnruch
448 4639 484 4690 iii.
495 4639 535 4692 38.
590 4699 592 4707 Ι
625 4643 628 4646 ’
713 4639 714 4642 ’
