2738 5032
352 246 658 308 ΡΕΝΤΔΊῈΙΙΟΗΙ
678 246 988 311 AUCTORITA'I'E.
1137 260 1142 271 '
1213 250 1252 313 87

62 397 257 467 Mnifestum
277 406 447 481 idcircoest
470 407 573 465 Mosen
593 407 761 483 slmpliciter
780 408 909 466 retulisse
932 427 995 481 quar
1013 426 1128 467 omnem
1148 416 1254 466 natura

58 500 198 561 ordinem
212 503 343 577 viresque
356 504 441 580 louge
462 515 604 579 superant,
626 522 715 575 eaque
737 505 821 579 plena
839 504 894 563 hde
915 507 949 562 ab
969 505 1104 564 Israelitis
1124 515 1253 580 excepta,

57 603 199 670 quamvis
205 600 337 659 studium
351 601 445 678 gentis
459 602 655 678 majorumque
669 601 763 677 gloria
778 619 828 658 eos
843 603 937 660 minus
958 602 993 662 ad
1012 601 1184 667 credendum
1197 601 1255 660 dis·

63 706 201 772 poneret.

112 791 178 872 OM.
193 797 222 853 ⁵.
244 795 419 868 Aquarume
438 814 508 872 mpe
528 792 691 853 eductamm
705 793 864 870 prodigium
882 796 994 872 poetico
1013 796 1090 872 stylo
1109 816 1126 854 a
1146 797 1253 873 Moyse

59 889 191 953 ”lucrm
203 911 222 948 a
235 890 338 951 'I'acito
352 893 394 949 sic
409 903 550 950 narratur:
593 891 705 948 “Nihil
719 910 800 963 aeque
815 890 952 950 Hebraeos
967 911 1051 965 quam
1065 894 1255 970 inopiaeque

61 988 211 1066 fatigabat.
252 989 375 1067 Jamque
395 989 470 1047 haud
490 989 588 1065 procul
615 990 702 1046 exitio
727 991 792 1049 totis
816 991 925 1067 campis
951 992 1166 1067 procubuerant,
1188 1010 1256 1050 cum
1327 1013 1335 1028 ⁴

68 1103 144 1162 grex
156 1085 301 1144 asinorum
315 1087 465 1162 agrestium
480 1105 518 1143 ex-
532 1096 613 1161 pastu
629 1087 657 1142 in
671 1104 771 1162 rupem
785 1104 901 1146 nemore
910 1105 1027 1162 opacam
1041 1089 1199 1156 concessit,
1213 1106 1257 1146 se·

71 1194 154 1243 cutus
164 1185 287 1261 Moyses
296 1185 458 1261 conjectura
466 1181 575 1240 herbidi
583 1183 637 1240 soli
648 1183 738 1260 larg-ne
750 1202 885 1255 aquarum
894 1202 982 1240 venas
994 1185 1129 1260 aperit.”¹
1167 1184 1257 1262 Igitur

74 1281 188 1340 veihan
201 1283 309 1340 ratione
322 1282 368 1343 rel
382 1282 482 1339 saltem
496 1283 575 1358 virga
588 1280 756 1339 divinatoria'
766 1300 814 1339 eas
828 1281 1036 1339 inventaslicet
1048 1284 1196 1359 suspicari.

112 1377 203 1456 Rerp.
225 1377 326 1437 Cereri
340 1379 493 1455 Scriptoris
507 1378 665 1450 oculatique
681 1379 760 1436 testis
772 1379 902 1446 narratio,
917 1378 1010 1454 gentis
1023 1380 1106 1443 totius
1120 1378 1176 1437 fide
1190 1397 1258 1439 eon·

75 1477 193 1544 firmata,
208 1495 266 1534 non
290 1487 382 1552 potest
401 1475 505 1542 Taciti,
521 1476 569 1546 qui
584 1475 641 1532 lere
660 1476 704 1532 bis
726 1476 802 1533 mille
823 1477 904 1533 annis
919 1477 1059 1552 posterior
1071 1477 1133 1551 fuit,
1146 1477 1257 1554 conjec-

75 1579 143 1640 tura,
157 1570 204 1629 vsl
226 1571 370 1638 relatione,
385 1571 491 1628 incerta
511 1568 657 1626 traditione
678 1569 785 1636 innixa,
808 1570 955 1629 infirmari.
998 1570 1144 1645 Quidquid
1163 1572 1201 1631 sit
1219 1571 1255 1633 de

78 1666 152 1744 vlrga
165 1667 201 1725 ad
212 1666 397 1725 inveniendas
411 1685 499 1738 aquas
512 1665 646 1731 adhibita,
658 1663 692 1721 de
704 1680 760 1736 qua
771 1665 1022 1740 impraesentiarum
1033 1668 1109 1726 haud
1117 1657 1258 1747 edendum

78 1765 255 1832 censuimus,
263 1754 349 1822 nenio
360 1781 408 1821 eas
419 1762 500 1821 educi
514 1781 530 1819 e
542 1765 610 1838 rupe
626 1761 709 1837 virga
720 1761 801 1819 unica
815 1761 860 1818 vel
874 1761 958 1819 altera
969 1766 1151 1839 percussione
1161 1764 1258 1827 disett

76 1862 150 1936 quod
164 1873 260 1922 tamen
272 1862 407 1920 divinitus
421 1862 550 1920 evenisse
564 1861 648 1918 refert
661 1861 771 1926 Moses,
786 1870 846 1918 toto
860 1862 1028 1920 assentiente
1043 1865 1159 1939 populo.

111 1961 162 2021 Ex
181 1962 228 2020 his
249 1981 312 2036 qua
333 1962 468 2020 hactenus
487 1960 692 2038 disputavimus
712 1962 801 2034 liquet
819 1962 924 2020 Mosen
938 1962 1071 2021 divinitus
1086 1965 1217 2034 missum,
1231 1971 1261 2027 st

78 2057 168 2136 legem
182 2078 268 2132 quam
283 2059 390 2136 populo
402 2058 558 2131 israelitico
572 2059 720 2134 proposuit
740 2057 833 2117 Deum
855 2059 957 2118 habere
978 2071 1130 2119 auctorem.
1170 2063 1261 2136 Equi·

20 2162 22 2167 '
77 2155 140 2214 dem
154 2157 219 2234 ipsa
229 2156 301 2214 mira
313 2155 433 2213 faciendi
444 2166 567 2232 potestas
582 2155 608 2211 ei
629 2170 765 2212 concessa
784 2167 836 2223 est,
857 2166 890 2214 ut
908 2156 994 2216 fidem
1014 2159 1070 2217 sibi
1088 2160 1259 2220 conciliaret.

79 2248 155 2309 Deus
169 2264 264 2313 autem
278 2270 336 2309 non
351 2262 447 2327 posset
461 2251 626 2327 patrocinari
646 2249 804 2318 mendacio,
819 2270 898 2309 suam
919 2254 1124 2313 commodando
1145 2275 1260 2333 operam

77 2346 230 2426 deceptori.
273 2348 329 2407 His
350 2348 481 2406 vaticinia
495 2366 556 2420 quae
571 2348 602 2405 in¹
623 2347 815 2405 Pentateucho
837 2349 930 2417 refert,
941 2359 970 2406 et
988 2369 1108 2424 quonam
1127 2353 1263 2412 nonnulla

80 2445 139 2524 ipse
153 2432 252 2515 edidit,
267 2444 372 2517 novum
387 2445 454 2503 dant
466 2447 560 2503 robur.
1184 2497 1189 2507 .

94 2541 207 2622 'Prope
222 2538 254 2602 δᾴ
275 2544 416 2602 Vaticinia
430 2563 491 2616 qua
512 2543 705 2602 Pentateucho
725 2544 903 2603 continentur
925 2546 1038 2606 Mosem
1060 2548 1116 2606 Dei
1135 2548 1260 2628 legatum

81 2642 207 2718 probant,
222 2650 252 2698 et
260 2640 460 2699 revelationem
475 2640 556 2717 cujus
570 2659 666 2716 proeco
680 2640 733 2696 fuit
746 2639 880 2698 divinam.

116 2736 209 2796 Proh.
231 2737 312 2797 Deus
322 2737 512 2795 Abrahamum
520 2737 689 2813 alloquitur:
706 2746 726 2772 ‘⁶
737 2738 858 2813 Suspice
868 2737 981 2806 coelum,
994 2749 1022 2796 et
1030 2759 1147 2799 numera
1155 2741 1260 2810 stellas,

81 2835 104 2893 si
117 2845 215 2909 potem
231 2836 274 2892 sic
285 2837 337 2892 erit
350 2853 448 2892 semen
460 2834 587 2891 tuum.''⁹
621 2843 640 2869 “
651 2835 717 2910 Ego
728 2834 870 2891 Dominus
882 2837 930 2906 qul
940 2835 1026 2892 eduxi
1038 2846 1064 2893 te
1075 2837 1110 2903 de
1123 2838 1165 2895 Ur
1176 2839 1264 2897 chal·

82 2928 215 2998 dacorum,
229 2941 261 2988 ut
274 2930 372 2988 darem
383 2931 432 2987 tibi
447 2940 547 2987 terram
569 2931 662 2997 istam,
678 2942 706 2986 et
726 2928 888 3006 possideres
910 2930 1020 2989 eam.‘’⁸
1060 2939 1081 2970 ‘⁶
1092 2936 1170 2993 Scito
1190 2956 1262 3013 prae·

83 3026 202 3086 noscens
224 3026 304 3101 qnod
321 3027 501 3104 peregrinum
523 3026 646 3084 futurum
668 3027 705 3082 sit
724 3045 822 3083 semen
843 3028 972 3086 tuumin
986 3039 1058 3088 terra
1078 3051 1136 3091 non
1157 3053 1218 3103 sua,
1233 3045 1262 3094 et

83 3126 231 3202 subjicient
242 3125 431 3182 eosservituti
444 3134 472 3181 et
485 3123 618 3200 affligent,
634 3115 844 3202 quadringentis
859 3125 989 3183 annis.”⁴
1028 3129 1262 3192 “Verumtamen

84 3234 191 3300 gentem
206 3223 253 3280 cui
266 3223 396 3280 servituri
404 3226 469 3280 sunt
482 3242 535 3299 ego
544 3222 688 3300 judicabo,
699 3233 728 3280 et
739 3233 803 3299 post
816 3223 877 3280 haec
887 3225 1067 3301 egredientur
1081 3244 1146 3285 cum
1161 3235 1263 3306 magna

83 3320 281 3385 substantia.”³
321 3320 540 3386 “Generatione
569 3312 666 3392 quarta
692 3331 864 3378 revertentur
891 3321 993 3378 huc.’'⁶
1033 3320 1174 3382 Vaticinia
1200 3325 1262 3385 haec

85 3417 262 3477 innotuerunt
275 3426 348 3475 certe
362 3417 507 3484 Israelitis,
522 3428 550 3473 et
560 3416 633 3492 apud
646 3408 695 3474 eos
709 3417 821 3474 suerunt
835 3418 981 3486 celebrata,
997 3419 1045 3476 diu
1061 3423 1124 3477 ante'
1145 3423 1262 3499 Moysis

85 3524 225 3593 tempora3
240 3533 294 3572 nec
307 3514 383 3571 enim
398 3514 480 3590 plane
495 3514 645 3589 incognita,
661 3524 689 3570 et
703 3524 768 3570 tunc
782 3515 903 3590 prImum
919 3516 1035 3590 allegata
1048 3516 1106 3574 vim
1128 3519 1264 3578 obtinuis-

86 3622 154 3680 sent,
168 3621 218 3674 aut
230 3610 327 3668 fidem.
360 3611 404 3667 Ea
415 3609 482 3666 verb
493 3608 707 3685 impleta'luisse
718 3610 807 3681 liquet
818 3629 853 3667 ex
866 3611 994 3669 Mosnina
1005 3614 1171 3683 narratione,
1182 3619 1273 3695 cujus.

86 3711 184 3768 rerltas
196 3709 260 3785 ipsa
273 3726 304 3764 se
319 3706 420 3783 prodit,
432 3706 680 3782 etjam-vindicata
693 3716 746 3763 est.
788 3707 857 3764 Fata
871 3705 935 3763 verb
952 3719 1128 3783 posterorum
1145 3715 1263 3772 numne

86 3823 133 3883 per
145 3816 267 3881 quatuor
279 3806 381 3863 saecula
392 3824 449 3863 non
462 3815 613 3880 potuerunt
623 3806 678 3863 nisi
690 3804 785 3862 divino
799 3805 905 3862 lumine
920 3805 1105 3866 innotescere.

121 3905 222 3964 Muses
233 3905 296 3981 lpse
308 3904 387 3980 plura
397 3901 530 3980 praedixit
541 3922 605 3974 quae
613 3903 773 3959 humanitus
786 3903 857 3959 scire
870 3904 1014 3976 nequivit3
1028 3924 1130 3983 nempe
1140 3907 1264 3986 AEgypti

88 4001 206 4088 plagam(
218 4000 365 4064 transitum
379 4019 430 4077 per
443 4000 671 4067 marerubrum,8
684 4018 793 4063 mannae
815 4001 925 4075 copiam
948 4002 1053 4077 populo
1068 4003 1097 4061 in
1112 4005 1263 4064 solitudine

89 4098 232 4162 affuturam
243 4099 265 4165 ;ο
279 4096 365 4163 Cere,
376 4095 498 4164 Dathau,
513 4106 540 4158 et
553 4096 661 4153 Abiron
674 4095 853 4164 interitum,¹⁰
867 4097 1066 4171 neminemque
1078 4117 1115 4156 ex
1126 4119 1264 4159 murmur·

119 4329 156 4394 (1)
173 4328 254 4378 Tacit
265 4327 280 4376 l.
292 4344 313 4375 v.
324 4327 410 4376 histo.
424 4324 445 4373 3.
821 4359 826 4370 .
854 4359 859 4370 .
903 4358 908 4371 .

121 4415 154 4475 (2)
171 4402 313 4461 Geri.'xv.5.
768 4406 1223 4473 Erod.vlil.lll;ix.19.29.x.4.rril.
1264 4475 1267 4479 ἢ

122 4497 156 4559 (3)
173 4495 300 4546 Ibld.v.7.
407 4483 410 4487 ἢ
471 4538 474 4543 .
543 4542 547 4547 ,
771 4491 906 4540 Exodxir.
919 4491 955 4540 13.
996 4492 1000 4499 ‘

122 4581 155 4643 (l)
173 4581 266 4629 lbld.v.
279 4577 316 4626 13.
468 4614 478 4639 ,Ι

123 4659 316 4724 (5)1bid.r.14.
423 4698 484 4745 μ
518 4656 533 4707 I
583 4672 595 4727 '¹
