2738 5032
774 146 816 181 ιβ’.

100 276 138 332 aa
403 234 418 299 ·’
536 246 591 335 n'n
612 273 834 335 urscoarcn
869 346 872 351 ,

99 439 192 506 potest
212 433 331 512 intelligi
345 433 381 492 de
402 421 625 507 vaticiniisque
646 433 735 492 edidit
754 433 903 513 propheta,
925 432 1016 491 adhuc
1031 434 1090 491 vari
1111 431 1168 491 Dei
1180 410 1286 497 cnihte

99 544 162 598 quae
176 528 203 586 ei
218 531 353 608 deinceps
368 530 402 588 ad
416 518 574 589 idolatriam
589 528 711 606 delapso
719 549 777 588 uon
791 540 910 605 possent
923 529 1080 606 suffragari,
1096 547 1149 587 nac
1162 527 1241 586 enirn
1255 526 1287 583 in

98 626 340 687 confirmationem
352 628 516 706 hujusmodi
528 629 619 687 cultus
631 627 705 686 edita
716 628 835 686 fuerant.
875 628 993 695 Quodsi
1008 629 1072 700 quis
1084 617 1152 685 velit
1165 645 1199 684 ea
1209 624 1288 683 edita

98 723 255 802 intelligere
269 726 304 785 ad
318 718 420 784 ¹salsum
434 728 540 785 cultum
555 724 822 793 commendandum,
837 745 874 784 ax
895 726 973 783 bravi
987 725 1122 801 temporis
1137 721 1287 787 intervallo

99 819 176 891 quod
189 820 348 880 intercessit
361 823 434 881 iuter
447 823 580 881 vaticinia
592 832 621 880 et
633 832 763 889 eventus,
774 821 853 879 datur
867 821 1020 897 probabilis
1035 816 1199 896 suspicandi
1213 813 1287 873 ratio

97 916 221 976 humana
242 920 338 996 potius
358 921 506 998 sagacitate
528 922 574 979 vel
595 940 632 979 ex
654 921 779 978 scientis
799 921 933 978 naturalis
955 918 1102 995 principiis
1124 916 1178 973 hos
1193 913 1286 971 luisse

97 999 245 1090 praevisos.
275 1017 394 1083 Quoties
407 1027 500 1076 autem
511 1018 606 1090 aliqua
620 1019 745 1093 suppetit
758 1017 828 1074 ratio
840 1015 984 1075 dubitandi
998 1015 1033 1073 de
1048 1013 1143 1071 divina
1156 1010 1286 1071 vaticinii

97 1110 217 1187 origine,
231 1114 330 1185 nequit
343 1125 450 1172 certum
463 1116 589 1192 praebere
604 1123 810 1190 argumentum.

250 1360 279 1411 c.
290 1359 320 1412 v.
337 1363 385 1412 uu
402 1339 592 1414 nrsrom'cn
606 1363 859 1415 camaranum
876 1322 1151 1420 sochomanus

138 1503 287 1565 vaticiniis
307 1517 336 1566 et
353 1508 496 1567 miraculis
515 1511 715 1569 revelationem
738 1512 929 1587 probabimus,
950 1511 975 1567 si
997 1510 1075 1586 prius
1096 1507 1233 1565 librorum
1255 1505 1285 1562 in

84 1600 199 1673 ‚quibus
220 1603 377 1662 reseruntur
390 1606 585 1664 authoritatem
600 1592 853 1666 vindicaverimus:
876 1614 931 1665 noh
947 1607 1023 1664 enim
1043 1605 1098 1663 nisi
1112 1602 1284 1661 authenticis

70 1696 76 1705 '
97 1693 274 1757 documentis
288 1700 404 1776 prolatis
415 1701 520 1780 aliquid
533 1696 577 1760 est
587 1714 664 1762 certo
676 1703 882 1770 affirmandum.
924 1702 1067 1760 Gaurum
1083 1719 1156 1776 opus
1168 1695 1227 1769 non
1241 1709 1287 1757 est

97 1789 224 1853 divinam
245 1795 452 1873 scripturarum
465 1781 687 1877 ¹inspirationem
709 1809 830 1856 statuere
850 1809 880 1856 ut
900 1809 989 1856 certas
1011 1797 1077 1857 iude
1098 1795 1283 1853 desumamns

96 1892 287 1970 probationes,
302 1893 328 1959 si
347 1895 425 1952 enim
446 1914 494 1952 eas
516 1895 679 1953 humanam
696 1904 724 1952 et
740 1894 912 1959 historicam
931 1894 1033 1952 mereri
1054 1891 1139 1950 fidem
1161 1891 1297 1958 constet,

96 2006 162 2063 quae
182 1987 218 2046 iis
232 1987 411 2046 continentur
431 1989 488 2046 vim
509 1988 646 2065 probandi
666 1989 787 2046 habeant
808 2008 924 2046 necesse
939 1998 992 2045 est.
1033 1989 1078 2045 Ea
1095 1997 1189 2044 autem
1209 1987 1283 2044 fidos

95 2085 224 2144 tribuitur
234 2083 365 2159 scriptori
376 2084 544 2157 cuicumque
559 2087 649 2161 probo
661 2095 689 2142 et
702 2086 858 2162 perspicaci
870 2105 904 2143 ea
914 2084 1044 2143 referenti
1055 2103 1118 2156 quae
1129 2073 1284 2161 ipse‘certo

79 2170 184 2248 'novit
199 2180 243 2238 vel
257 2197 321 2251 quaa
335 2197 372 2237 ex
392 2180 475 2238 certis
496 2181 620 2240 fontibus
635 2182 738 2240 hausit.
783 2181 906 2262 oculato
920 2181 987 2240 testi
1008 2182 1092 2257 plena
1108 2180 1282 2256 plerumque

98 2279 216 2337 debetur
234 2274 306 2334 fides
320 2279 442 2336 narranti
456 2297 520 2352 quae
532 2277 614 2347 vidit,
630 2281 686 2338 nisi
700 2279 734 2338 de
748 2281 810 2357 ejus
830 2280 986 2357 integritate
1001 2279 1070 2336 ratio
1084 2287 1212 2335 occurrat
1232 2277 1284 2335 du-

95 2378 285 2446 bitaud1‚·vel'
295 2400 360 2440 eum
380 2378 580 2439 hallucinatum
595 2399 659 2439 esse
673 2380 837 2438 verosimile
851 2380 898 2437 sit.
939 2379 996 2436 Pro
1010 2379 1051 2435 rei
1072 2388 1167 2439 tamen
1182 2387 1283 2435 natura

95 2494 229 2534 assensus
251 2479 342 2555 magis
355 2474 409 2537 ,ναῖ’
420 2472 516 2535 miuus
536 2477 634 2534 firmus
650 2488 703 2544 est;
719 2477 834 2534 sienim
848 2485 1015 2535 consuetum
1035 2493 1128 2532 rerum
1150 2473 1282 2532 ordinem

8 2586 31 2623 ·'
95 2573 216 2642 narratio
224 2573 300 2632 haud
310 2572 437 2640 excedat,
447 2572 557 2635 facilem
567 2573 675 2630 obtinet
685 2570 781 2629 fidem:
792 2571 817 2629 si
825 2590 892 2629 vero
900 2589 945 2628 res
957 2571 994 2628 sit
1002 2570 1120 2628 maximi
1130 2570 1279 2654 momenti,

95 2679 124 2728 et
136 2670 293 2747 praesertim
301 2680 380 2728 extra
390 2655 658 2727 consuetumrerum
670 2668 809 2736 ordinem,
819 2669 867 2725 vix
878 2668 962 2725 unius
974 2667 1118 2743 scriptoris
1130 2667 1281 2725 auctoritas

95 2766 207 2835 valebit,
225 2767 281 2826 nisi
302 2767 498 2844 integerrimus
519 2776 549 2823 et
567 2750 767 2842 sagacissimus
788 2776 928 2835 noscatur,
951 2763 1020 2823 adeo
1041 2773 1072 2821 ut
1091 2763 1168 2821 nulla
1182 2764 1282 2821 ¹subsit

95 2866 222 2943 suspicio
234 2866 283 2924 vel
301 2853 408 2923 fraudis
423 2865 468 2922 vel
481 2864 593 2922 erroris.
637 2864 750 2940 Sciptor
764 2880 877 2929 coaevus
889 2862 992 2920 oculati
1008 2861 1086 2918 testis
1101 2861 1158 2919 iere
1172 2862 1282 2920 obtinet

96 2964 301 3035 auctoritatem,
314 2963 340 3020 si
354 2963 383 3020 in
403 2963 518 3040 regione
533 2963 562 3019 in
582 2980 638 3035 qua
658 2980 703 3018 res
718 2972 803 3039 gestae
819 2960 958 3028 dicuntur,
973 2979 1021 3017 eas
1039 2971 1182 3032 tamquam
1203 2979 1281 3039 com7

95 3056 190 3135 pertas
201 3056 371 3136 atindubia‘s
381 3069 482 3125 narret,
497 3059 611 3115 nemine
626 3058 843 3125 contradicente,
859 3059 903 3115 vel
918 3059 1018 3115 saltem
1033 3058 1190 3115 narratione
1205 3056 1281 3133 apud

95 3152 233 3231 plurimos
253 3165 376 3231 recepta,
390 3155 469 3213 nulla
488 3156 533 3212 sui
553 3155 680 3222 utilitate,
697 3156 831 3229 nulloque
852 3158 972 3233 partium
993 3154 1097 3213 studio.
1140 3131 1280 3213 Histoiici

95 3261 188 3311 autem
202 3253 262 3326 qul‘
272 3253 397 3330 priorum
412 3251 578 3309 saeculorum
594 3253 780 3310 narrationem
795 3255 874 3320 texit,
889 3253 960 3311 fides
975 3252 1079 3329 pendet
1092 3272 1128 3310 ex
1143 3252 1289 3321 subsidiis,

95 3353 197 3431 quibus
210 3371 280 3411 usus
302 3349 393 3410 estad
414 3352 559 3408 veritatem
573 3350 773 3428 detegendam:
796 3353 911 3436 sienim
933 3353 1052 3429 publicis
1073 3355 1278 3422 monumentis,

94 3459 123 3507 et
136 3461 211 3508 certa
225 3460 253 3508 et
266 3449 405 3509 constanti
419 3448 511 3526 gentis
527 3448 799 3517 traditionenitatur‚
811 3470 869 3508 non
883 3451 938 3508 erit·
949 3450 1029 3517 facile
1043 3449 1226 3512 dubitandum
1242 3450 1278 3508 de

94 3546 178 3604 rebus
198 3541 308 3604 relatis:
332 3565 414 3604 secus
435 3546 460 3603 si
480 3546 589 3603 nullum
611 3547 637 3603 ai
658 3558 760 3623 praesto
781 3547 864 3605 suerit
886 3546 1097 3622 documentum,
1121 3548 1166 3603 vel
1189 3538 1278 3625 vagos

8 3678 24 3699 .-
94 3651 208 3699 secutus
222 3642 305 3713 suerit
318 3662 455 3701 rumores.
498 3639 635 3720 Magnum
647 3643 754 3701 accedit
765 3645 934 3701 auctoritatis
950 3643 1060 3720 pondus
1072 3644 1206 3701 scribenti
1220 3647 1279 3703 his·

94 3739 204 3806 teriam,
219 3739 245 3795 si
258 3739 296 3797 iu¹
308 3739 400 3809 lucem
422 3737 496 3797 edita
516 3740 581 3817 ipsi
598 3759 653 3812 qua
673 3750 826 3817 supersunt
846 3751 931 3798 testes
953 3740 1054 3797 oculati
1069 3750 1161 3808 catate,
1177 3759 1277 3800 eorum

94 3838 221 3896 firmetur
242 3853 370 3904 assensu,
393 3839 454 3895 aliis
479 3839 574 3905 etiam,
596 3839 711 3895 veritate
732 3849 884 3914 comperta,
906 3837 941 3895 ad
964 3847 1111 3896 assensum
1137 3839 1295 3910 adductis„

93 3933 248 4015 praesertim
263 3934 288 3990 si
298 3934 405 4010 ingrata
415 3944 443 3991 et
457 3935 597 3993 invidiosa
607 3945 762 3996 narrentur.
796 3934 918 3993 Privati
929 3949 1021 3992 tamen
1033 3937 1178 4015 scriptoris
1190 3957 1279 4014 opera

93 4031 143 4088 vix
157 4035 280 4102 unquam
296 4048 358 4086 eam
372 4029 428 4086 sibi
442 4029 585 4088 vindicant
598 4031 799 4098 auctoritatem,
815 4049 877 4103 quoe
891 4031 1134 4112 publicisflscriptis
1149 4032 1277 4104 debetur,

93 4130 129 4188 iis
150 4127 258 4186 scilicet
271 4127 320 4200 qui
341 4129 502 4186 auctoritate
523 4130 635 4205 publica
655 4112 730 4187 edita
749 4142 824 4198 sunt,
839 4141 867 4187 et
886 4128 942 4206 fide
963 4130 1047 4206 plena
1066 4132 1184 4190 munita.
1227 4135 1277 4193 Sic

87 4224 255 4302 reipublicae
267 4222 312 4280 vel
323 4225 403 4301 regni
416 4223 537 4283 sandes
546 4224 716 4284 notariomn‘r
727 4228 914 4304 publicorum,
925 4227 969 4284 vel
980 4227 1098 4287 aliorum
1109 4229 1276 4307 hujusmodi

94 4321 262 4398 scriptorum
283 4338 369 4396 opera
383 4323 498 4391 exarati,
513 4331 542 4379 et
554 4323 584 4380 iu
594 4324 715 4407 ycoetibus
730 4311 945 4385 solemnioribus
961 4328 1045 4384 totius
1065 4329 1164 4404 populi
1181 4331 1275 4406 palam

94 4418 170 4485 lecti,¹
184 4426 213 4475 et
226 4411 329 4494 magna
342 4413 487 4494 diligentia
500 4427 529 4475 et
542 4419 720 4501 wlieitudine
735 4421 876 4498 custoditi,
889 4424 973 4502 longe
995 4424 1130 4501 majorem
1152 4420 1282 4502 plerum'

94 4537 150 4590 que
170 4514 314 4594 postulant
326 4514 422 4582 fidem,
438 4533 522 4588 quam
543 4517 650 4591 privata
664 4537 848 4592 quacumque
863 4522 983 4599 scripta:
1005 4541 1064 4580 nec·
1079 4523 1277 4599 enimverosi-

95 4614 161 4671 mile
170 4622 214 4670 est
222 4608 398 4670 mandacium
409 4622 464 4669 tam
474 4610 653 4688 impudenter
662 4616 792 4692 proponi,
805 4617 849 4674 vel
858 4636 981 4697 errorem
990 4617 1066 4675 haud
1075 4617 1275 4698 detegendum.
