2768 5032
496 270 553 331 os
574 229 702 330 naurs
722 268 956 331 sconsum.

399 545 436 604 C.
458 542 540 605 XIV.
583 544 639 604 DE
662 544 788 604 NOTlS
808 545 1042 607 ECCLESIAE.

171 741 319 803 Hactenus
334 742 409 801 dicta
422 744 540 820 probant
548 760 642 801 veram
655 740 765 800 Christi
777 742 940 802 Ecclesiam
949 744 1063 805 naham
1072 761 1149 812 esse,
1163 762 1230 817 quse
1242 762 1330 803 sane·

134 837 211 905 titate
225 837 370 906 doctrinis,
384 847 413 896 et
433 838 512 915 prole
525 847 621 895 sancta
640 836 739 914 fudgst,
753 836 818 897 Deo
837 838 903 916 ipso
916 838 1060 899 miraculis
1078 858 1132 917 per
1150 838 1330 898 seculorum·

132 934 237 994 seriem
251 935 362 1008 utrique
375 933 568 993 testimouium
582 932 759 1010 perhibente.
800 932 857 992 Per
871 934 969 994 orbem
989 946 1127 995 termm
1140 943 1243 993 saneta
1261 933 1327 993 haec

132 1030 254 1090 societas
268 1028 506 1091 christifidelium
520 1027 695 1096 diffunditur,
708 1026 829 1105 praeside
844 1047 877 1086 ac
890 1039 998 1089 rectore
1013 1028 1163 1107 Episcopo
1177 1028 1324 1097 Romano,

134 1126 213 1187 Petri
234 1145 412 1186 successore.
454 1125 526 1185 Haec
550 1142 588 1182 ex
612 1122 779 1200 Scripturis,
800 1133 944 1198 tamqnam
965 1125 1040 1183 veris
1061 1130 1323 1201 rerumgestarum

134 1223 245 1283 Christi
257 1221 473 1290 narrationibus,
487 1219 665 1296 collegimus.
707 1216 936 1279 Christianorum
951 1221 1132 1297 scriptorum,
1149 1219 1200 1293 qni
1222 1217 1322 1296 primis

133 1319 254 1379 floruere
267 1319 391 1388 seculis,
404 1314 572 1376 testimoniis
584 1313 630 1371 nsi
643 1330 756 1382 sumus,
767 1324 799 1373 ut
808 1333 846 1372 ex
860 1314 907 1383 iis,
919 1334 982 1388 quas
997 1314 1073 1392 apud
1085 1332 1186 1373 onrnee
1199 1311 1321 1373 Christi·

132 1410 243 1485 fideles,
254 1415 289 1473 de
300 1413 452 1473 constituta
462 1409 597 1470 aChristi
607 1411 739 1471 Ecclesia
748 1410 900 1468 obtinuerit
908 1411 1057 1479 sententia,
1067 1421 1096 1469 et
1107 1410 1190 1479 fides,
1203 1419 1320 1488 pateret.

134 1511 180 1570 Ea
192 1511 277 1569 etiam
298 1509 385 1568 veluti
405 1507 529 1566 historia
544 1506 712 1565 documenta
732 1505 909 1574 adhibemus,
924 1524 982 1564 non
1002 1507 1079 1564 enim
1100 1505 1135 1564 de
1156 1506 1321 1583 interpreta-

83 1645 87 1654 ·
133 1608 210 1668 tione
224 1608 309 1666 unius
323 1606 472 1665 alteriusve
485 1606 638 1683 Scripturae
652 1616 745 1665 tentus
760 1606 861 1684 agitur,
876 1604 926 1664 sed
941 1605 976 1664 de
990 1624 1020 1664 re
1035 1607 1166 1665 sensibus
1183 1592 1321 1684 subjectat

134 1707 243 1767 scilicet
255 1705 292 1764 de
302 1705 451 1764 hominum
465 1705 606 1764 Societste
627 1723 678 1782 per
691 1706 799 1771 orbem,
814 1703 849 1761 de
863 1704 985 1781 imperio
999 1723 1103 1781 magno
1116 1715 1146 1762 et
1160 1704 1322 1772 manifesto,
1371 1712 1375 1717 '

134 1824 190 1879 qua
202 1805 309 1873 ratique
323 1802 473 1863 constituta
485 1803 579 1872 fuerit,
594 1812 623 1859 et
635 1820 716 1860 suam
731 1800 900 1877 explicuerit
921 1802 1124 1860 auctoritatem.
1166 1800 1218 1860 Ex
1232 1812 1324 1860 vetus·

121 1894 246 1965 'ussine
261 1901 410 1979 symbolo,
425 1899 502 1974 qnod
521 1897 723 1977 Apostolicum
738 1908 862 1964 vocatur,
883 1899 1014 1974 Apostoli
1029 1899 1138 1957 scilicet
1154 1900 1320 1959 existiman·

133 2007 178 2057 tur
191 1997 270 2066 illud,
282 1999 368 2056 veluti
379 2008 515 2054 tesseram
530 2013 586 2067 qua
599 1990 831 2072 dignoscerentur
844 1994 954 2062 fideles,
977 1995 1041 2052 viva
1054 2013 1124 2053 voce
1145 1994 1320 2064 tradidisse?

133 2105 243 2154 constat
270 2093 414 2152 articulum
444 2100 598 2149 “sanctam
633 2088 816 2150 Ecclesiam”
849 2089 938 2149 fnisse
966 2090 1039 2148 inter
1063 2089 1131 2149 fidei
1162 2090 1322 2159 rudimenta

34 2256 38 2263 ,
133 2192 321 2249 recensitum:
348 2208 412 2247 una
423 2187 508 2265 igitur
520 2196 549 2245 et
569 2197 665 2245 sancta
680 2185 789 2245 Christi
810 2185 942 2244 Ecclesia
961 2205 1076 2262 semper
1095 2188 1260 2247 necessario
1274 2197 1323 2247 est

132 2289 236 2365 agnita
251 2305 304 2347 uec
317 2286 394 2345 enim
409 2286 438 2343 in
452 2285 522 2343 duas
537 2284 683 2342 Ecclesiae
697 2281 784 2342 fidem
804 2283 929 2360 profiteri
945 2282 1101 2341 Christiani
1120 2282 1322 2343 edocebantur.

133 2382 283 2445 Catholica
296 2385 381 2442 etiam
390 2383 593 2460 agnoscebatur
604 2380 746 2450 Ecclesia,
757 2381 857 2439 saltem
870 2381 905 2440 ab
919 2381 1124 2454 antiquissimis
1136 2383 1323 2460 temporibus,

133 2481 187 2539 etsi
195 2481 224 2539 in
234 2480 366 2558 symbolo
376 2480 410 2535 ab
419 2479 501 2537 initio
509 2496 568 2536 non
576 2477 665 2535 fuisso
674 2477 820 2537 nonnullis
829 2476 965 2545 videatur,
973 2496 1062 2555 quum
1071 2477 1101 2536 in
1112 2479 1324 2556 exemplaribus

108 2582 111 2588 “
133 2576 282 2635 Ecclesiae
297 2574 489 2649 Aquileiensis
505 2573 689 2631 desideretur.
725 2573 808 2650 Opus
822 2573 938 2647 quidem
950 2593 1008 2633 non
1019 2585 1079 2633 erat
1090 2575 1145 2633 hac
1160 2576 1246 2635 veluti
1258 2586 1326 2635 nota

52 2714 59 2722 ·
133 2674 293 2735 Ecclesiam
303 2675 337 2732 ab
349 2672 429 2732 initio
440 2671 623 2750 distinguere,
635 2673 765 2746 quamvis
778 2669 928 2731 Catholici
937 2691 1003 2732 vere
1014 2683 1101 2742 esset,
1112 2673 1244 2732 omuibus
1254 2693 1326 2751 gen-

37 2850 41 2859 ·
82 2820 85 2827 .
133 2775 207 2834 tibus
222 2775 316 2833 sinum
331 2791 415 2830 suurn
430 2770 568 2849 pandens,
583 2781 612 2828 et
625 2771 704 2828 brevi
717 2789 769 2848 per
788 2771 937 2848 plerasque
952 2769 1074 2829 diffusa:
1097 2770 1149 2831 sed
1167 2780 1231 2851 ante
1244 2783 1323 2832 ortas

131 2873 254 2933 hereses
269 2873 336 2931 satis
352 2890 389 2929 ex
403 2880 500 2928 sancta
514 2871 577 2947 ejus
592 2868 719 2927 doctrina
732 2878 761 2928 et
774 2869 928 2937 mirandis,
943 2887 1009 2926 cnm
1024 2864 1166 2929 virtutum
1172 2869 1321 2941 fructibus,

132 2969 264 3039 innotuit.
306 2969 398 3026 Sectis
413 2977 506 3025 autem
521 2967 676 3025 doctrinam
686 2966 826 3025 erroribus
838 2967 954 3025 inficere
968 2967 1146 3036 conantibus,
1158 2966 1321 3028 Ecclesiam

131 3065 167 3123 ab
182 3064 216 3122 iis
232 3083 295 3136 qnae
310 3064 452 3121 nonnullis
467 3065 496 3121 iu
510 3063 581 3121 locis
596 3073 693 3121 contra
713 3062 902 3121 universalem
917 3061 1003 3121 fidem
1017 3082 1091 3121 nova
1104 3063 1256 3133 docebant,
1270 3064 1322 3124 hac

131 3159 238 3219 ratione
253 3158 419 3227 discernere¹
427 3158 549 3234 placuit:
572 3168 745 3235 quapropter
759 3157 908 3217 Catholica
924 3159 985 3235 jam
999 3159 1105 3218 saeetrlo
1119 3160 1184 3237 ipso
1201 3156 1324 3239 Aposto-

129 3256 186 3316 lico
200 3258 235 3314 ab
249 3254 359 3333 Ignatio
374 3264 471 3313 vocata
485 3266 538 3322 est,
551 3265 579 3311 et
592 3274 609 3311 a
623 3254 848 3331 Smymensibus
863 3256 968 3314 saeculo
978 3256 1109 3328 sequenti
1124 3256 1223 3317 medio
1237 3258 1269 3318 in
1280 3277 1324 3317 re·

129 3355 234 3415 latione
246 3354 281 3414 de
293 3352 446 3433 Polycarpi
456 3351 616 3428 martyrio.⁹
635 3351 669 3411 In
679 3352 819 3428 Symbola
829 3353 1010 3429 Alexandriae
1019 3354 1145 3423 recitato,
1157 3355 1321 3417 Alexandro

129 3452 292 3512 Ecclesiam
306 3451 383 3524 illam
405 3456 529 3526 regente,
545 3458 621 3507 certe
634 3467 690 3509 vox
711 3449 759 3507 illa
772 3450 987 3526 reperiebatur‚³
1001 3451 1076 3509 sicut
1094 3462 1123 3509 et
1136 3452 1167 3510 in
1187 3471 1225 3512 eo
1238 3452 1321 3528 'quod

131 3548 313 3627 Epiphanius
327 3547 433 3624 scripto
448 3545 644 3623 consignatum
658 3545 797 3620 reliquit,⁴
810 3546 876 3605 etin
887 3565 922 3605 eo
932 3546 1009 3620 quod
1024 3547 1243 3627 Hierosolymis
1253 3561 1323 3611 tem·

139 3768 143 3773 ¹
162 3781 200 3842 (1)
218 3779 256 3829 De
267 3778 410 3844 Apostoliea
421 3777 526 3843 symboli
536 3777 632 3844 origine
642 3776 755 3828 laborant
764 3776 860 3847 critici,
867 3796 897 3831 sa
908 3780 1044 3844 presertim
1053 3780 1084 3830 de
1091 3794 1177 3840 cansa,
1182 3780 1252 3845 qnod
1259 3796 1326 3847 quo·

130 3863 186 3912 mm
196 3861 223 3911 in
233 3862 413 3926 exemplaribus
430 3861 560 3910 varietates
576 3861 744 3925 reperiantur:
761 3860 800 3910 hes
811 3867 895 3912 nmen
911 3862 984 3913 facile
1001 3862 1140 3913 referuntur
1156 3863 1189 3923 sd
1209 3864 1322 3915 locorum
1335 3880 1354 3887 -

130 3946 255 4011 adjuncta,
265 3944 291 3995 in
302 3945 390 4008 quibus
399 3947 431 3995 ob
441 3952 539 3995 exortu
549 3943 656 3993 hereses
666 3944 757 4008 aliqua
761 3944 845 3995 addita
855 3952 921 4006 sunt,
940 3946 978 3995 vol
989 3946 1021 3997 ad
1036 3946 1183 3997 memoriam
1201 3947 1328 4009 ffllaoem,

128 4021 289 4079 articulorum
299 4032 383 4076 tamen
394 4042 468 4077 sensu
479 4033 580 4077 retento
597 4020 695 4077 Laudat
706 4026 844 4077 Ecclesiam
855 4027 995 4078 Romanam
1005 4028 1154 4079 Ambrosius
1163 4030 1197 4079 ob
1208 4037 1324 4083 tesam

129 4109 219 4161 veteris
229 4109 334 4173 symboli
350 4111 502 4161 custodiam:
519 4110 662 4160 “Credatur
678 4111 790 4176 symbolo
801 4112 984 4174 Apostolorum,
994 4112 1059 4176 quod
1076 4111 1192 4162 uenena
1201 4112 1327 4206 Remuria
1356 4098 1359 4103 Δ

129 4194 301 4245 intemeratum
314 4208 409 4256 semper
421 4193 535 4254 custodit,
545 4201 570 4243 et
581 4195 685 4244 serrat.”
718 4194 748 4243 L.
760 4196 782 4244 1.
793 4210 831 4259 ep.
842 4196 864 4245 t.
876 4195 906 4245 ad
918 4194 1043 4245 Siricium.

120 4292 123 4297 '
163 4282 200 4342 (2)
216 4276 336 4346 reciproce
347 4277 473 4342 irtt'strosro5
483 4296 524 4342 της
535 4283 556 4333 ts
568 4281 665 4365 Σμύρνη
677 4283 804 4344 καθολικης
814 4279 938 4353 ἰηησίας
956 4279 1031 4361 Apud
1047 4279 1138 4329 Euseh
1148 4279 1208 4331 hist.
1224 4279 1296 4333 Fsocl.
1306 4282 1323 4335 b

129 4367 160 4416 iv.
172 4383 193 4415 c.
206 4366 244 4414 15.

159 4450 195 4514 (3)
213 4448 278 4501 Μίαν
288 4447 327 4498 ssi
336 4469 368 4513 ps
360 4449 400 4501 'rav
408 4449 564 4509 echenais
535 4472 574 4503 osv
584 4452 840 4525 manumisissent&
823 4454 918 4506 rVide
930 4454 1008 4520 Epist
1020 4453 1156 4505 Alexandri
1174 4454 1317 4521 Archiepis·

126 4537 181 4601 copi
189 4535 359 4593 Alexandrini,
369 4536 434 4599 apud
445 4532 591 4588 Theodoret.
602 4538 658 4590 hist.
671 4536 739 4599 Eoel.
750 4540 766 4590 l.
775 4540 794 4591 i.
802 4557 826 4611 c.
836 4540 859 4589 4.
870 4546 896 4589 ct
906 4539 1022 4591 Socraten
1032 4539 1089 4590 hist.
1101 4537 1170 4590 Eecl.
1180 4537 1252 4591 tic
1262 4540 1302 4591 26.

159 4617 197 4682 (4)
209 4617 240 4669 ln
247 4618 366 4671 Sermone
378 4619 511 4669 Ancorato.
774 4646 777 4651 ·
1090 4656 1095 4665 ,
