2738 5032
406 109 462 170 DE
486 109 612 170 NOTIS
634 108 863 170 EOCLESIAE.
1178 114 1236 171 243

44 282 121 342 pore
137 265 242 346 cyrilli
264 269 456 329 recitabatur.¹
495 269 660 348 Apostoliea
674 281 766 328 autern
781 287 895 346 semper
908 270 1001 347 agnita
1021 270 1074 331 snit
1093 268 1236 338 Ecclesia,

43 376 151 443 utpote
166 367 200 424 ab
220 368 366 445 Apostolis
388 368 512 436 lundata,
527 380 555 427 et
574 387 673 427 eorum
691 369 852 427 auctoritate
873 370 1041 446 gubernata:
1066 388 1122 429 vox
1143 372 1237 428 tamen

41 460 115 538 ipsa
128 463 244 521 nonnisi
254 475 321 542 post
333 483 430 524 eorum
443 452 554 524 aetatem
570 465 709 542 Symbolo
719 475 764 523 est
777 464 891 531 inserta,
904 473 934 521 ut
947 463 1166 542 distingueretur
1173 483 1240 523 vera

30 557 167 627 ¹Christi
181 558 314 619 Ecclesia
325 560 361 619 ab
373 560 522 621 hominum
540 561 738 629 conventibus,
753 558 849 618 divina
859 558 968 637 origine
983 560 1151 628 carentibus,
1165 580 1240 634 quos

42 654 198 725 Marcion,
208 656 315 727 Ebion,
327 656 437 719 alium
450 658 544 731 quiris
557 658 725 717 instituerat.
766 656 834 725 His,
850 657 944 734 igitur,
955 656 1042 714 veluti
1052 656 1164 715 indiciis
1179 676 1239 717 cer·

37 749 174 809 tissimis
197 762 226 811 et
246 752 421 822 clarissimis,
448 752 581 812 Ecclesia
604 751 830 831 dignoscebatur,
854 763 1025 831 quapropter
1052 752 1081 812 in
1106 752 1238 830 symbolo

39 845 163 905 Nicaeae
185 859 215 907 et
232 846 483 929 Constantinopoli
503 851 533 908 in
553 850 765 927 Episcoporum
787 848 927 910 conciliis
948 860 1031 907 aucto
1051 869 1117 920 una,
1132 861 1238 921 sancta,

39 942 215 1014 Gatlrolica,
230 955 258 1004 et
271 946 435 1024 Apostolica
448 938 638 1025 predicatur.¹

87 1041 151 1101 His
172 1042 258 1101 veluti
279 1043 359 1104 notis
383 1045 527 1123 Theologi
548 1036 702 1114 Oatlrolici,
724 1044 880 1123 scripturis
900 1056 929 1103 et
948 1046 1089 1103 constanti
1110 1046 1238 1105 omnium

36 1139 224 1200 secutorum
244 1141 300 1200 fide
328 1142 400 1212 nixi,
415 1142 577 1203 Ecclesiam
591 1142 761 1212 Christian
775 1145 853 1203 omni
867 1144 1063 1204 hereticorum
1085 1144 1131 1203 vet
1151 1144 1241 1202 schis-

37 1238 222 1297 maticorum
235 1249 319 1307 caetu,
333 1238 456 1299 discerni
472 1240 537 1317 jure
551 1240 660 1319 optimo
674 1240 838 1301 docuerunt.
880 1242 936 1301 Est
949 1243 1083 1302 Ecclesia
1096 1260 1159 1302 uno
1171 1240 1240 1311 fide,
1266 1234 1270 1243 “

37 1335 143 1402 cultu,
158 1333 366 1395 Sacramentis:
389 1355 475 1411 quam
488 1321 625 1415 unitatem
639 1337 760 1410 quisque
774 1339 873 1397 statim.
882 1339 994 1397 obviam
1007 1339 1098 1397 ,habet
1117 1340 1147 1398 in
1160 1358 1241 1417 sym·

35 1432 137 1500 bolis,
152 1431 361 1509 predicatione,
374 1444 404 1493 et
415 1433 548 1493 omnibus
562 1432 629 1493 fidei
642 1433 837 1492 documentis:
853 1450 1033 1511 quocumque
1045 1456 1076 1495 se
1090 1438 1241 1498 contulerit

39 1530 133 1589 videt
145 1528 221 1589 idem
236 1531 331 1591 offerri
345 1533 375 1592 in
395 1532 528 1593 universo
549 1531 656 1592 mundo
677 1531 846 1591 sacrificinm
858 1535 881 1601 ς’
905 1532 1011 1606 ubique
1025 1534 1123 1595 eadem
1144 1536 1243 1595 minis-

37 1629 118 1686 trari
140 1639 334 1688 sacramenta:
357 1630 437 1689 facilc
458 1630 543 1709 igitur
561 1631 654 1688 unitas
677 1629 815 1688 Ecclesia
830 1628 858 1688 ei
878 1630 910 1688 fit
930 1631 1094 1707 explorata;
1116 1643 1144 1691 et
1157 1634 1243 1693 in'ea

30 1721 33 1725 ’
47 1734 254 1803 argumentum
269 1725 372 1785 divine
386 1727 504 1806 originis
523 1726 668 1804 perspicit,
684 1726 751 1800 quia
764 1735 857 1785 tantus
871 1726 902 1785 in
916 1728 1119 1804 mysteriorum
1133 1729 1200 1798 fide,
1214 1741 1244 1788 st

48 1820 80 1880 in
103 1821 185 1881 cultu
207 1823 354 1890 Numinis,
371 1832 399 1880 et
418 1824 448 1881 in
468 1823 603 1881 subsidiis
624 1823 798 1884 adsalutem
821 1842 989 1893 consensus,
1004 1824 1054 1883 vix
1074 1825 1119 1884 vel
1139 1843 1175 1883 ne
1196 1825 1245 1884 vix

48 1918 172 1991 quidem
187 1927 285 1993 posset
298 1936 335 1976 ex
349 1918 512 1977 hominibus
526 1920 685 1996 provenire,
700 1939 788 1994 quum
800 1920 890 1979 varias
905 1921 1072 1999 plerumque
1087 1922 1118 1981 in
1131 1931 1248 1981 sentem·
1310 1996 1317 2005 ‘

54 2015 108 2073 tias
124 2023 155 2070 et
168 2013 410 2091 consiliaabeant.

95 2112 124 2171 E
150 2120 247 2170 contra
270 2111 378 2172 discors
402 2112 540 2181 securum
566 2111 701 2195 doctrina,
724 2114 815 2174 cultus
840 2136 939 2193 vagus,
954 2118 1031 2175 nulla
1052 2129 1126 2179 certa
1148 2136 1246 2177 norma

57 2219 185 2279 statutus,
200 2219 438 2270 sacramentorum
452 2210 558 2270 incerta
579 2211 622 2269 ris
642 2221 671 2270 et
684 2222 791 2281 natura,
808 2213 941 2273 humanas
956 2216 1059 2275 mentis
1081 2216 1167 2274 fretus
1180 2235 1245 2294 pro·

10 2344 13 2349 ·
60 2305 137 2366 dunt.
214 2358 216 2363 .
544 2374 545 2378 ,
1249 2310 1252 2319 “

99 2403 213 2465 Sancta
226 2405 365 2466 Ecclesia
374 2405 511 2475 doctrina,
520 2418 619 2466 sancta
628 2408 812 2478 sacramenta,
822 2421 982 2469 sanctornm
992 2412 1108 2469 virtutes
1119 2412 1245 2472 fidelium

61 2501 228 2578 populorum
241 2503 379 2562 memoria
392 2503 547 2571 celebratae,
562 2513 715 2577 sanctaque
729 2506 871 2582 exempla,
888 2493 950 2578 quse
965 2508 994 2563 in
1009 2508 1087 2563 omni
1103 2508 1165 2564 vitae
1180 2526 1247 2565 con·

61 2596 164 2657 ditione
182 2591 313 2677 'spectare
327 2610 380 2667 est,
395 2599 480 2657 eliam
501 2599 574 2657 inter
592 2601 749 2676 grassantia
762 2601 839 2669 vitia,
855 2601 957 2673 cuique
971 2600 1092 2658 suadent
1104 2601 1247 2661 celestem

61 2695 198 2756 Ecclesia
212 2698 363 2775 originem.
405 2716 409 2721 ·
709 2713 714 2718 ·
1117 2688 1120 2693 ¹

99 2795 127 2854 E
141 2806 238 2855 contra
252 2795 380 2869 quaedam
395 2778 530 2853 doctrinas
544 2783 684 2873 principia
697 2795 771 2872 apud
785 2795 944 2853 Noiatores
957 2796 1027 2855 adeo
1039 2797 1133 2857 virtuti
1148 2818 1249 2878 repug-

62 2904 136 2962 nant,
148 2904 180 2953 ut
193 2895 242 2953 vix
256 2893 357 2952 audeat
371 2894 447 2966 quis,
459 2903 543 2951 secte
559 2893 730 2979 prejudiciis
744 2894 898 2971 liber,²eae
914 2894 1010 2956 divino
1026 2897 1101 2957 sonte
1117 2918 1253 2957 manasse·

61 2993 241 3065 existimare:
264 2994 502 3059 sacramentorum
516 2993 560 3051 vis
574 2993 688 3070 penitus
705 3005 815 3071 negata,
831 2993 876 3052 vel
895 2993 972 3053 larva
985 3005 1093 3056 tantum
1108 3007 1136 3055 et
1150 2998 1250 3055 umbra
1330 3030 1335 3043 ·

62 3089 207 3154 exhibita:
226 3092 375 3148 'auctorum
389 3072 529 3155 sectarum
544 3089 612 3147 vitia
632 3078 792 3160 notissima,
807 3091 907 3149 saltem
922 3093 1064 3169 superbia,
1080 3094 1248 3166 animusque

58 3168 235 3263 auctoritatis
250 3176 411 3265 impatiens,
426 3196 522 3245 vetant
534 3205 570 3244 ne
585 3186 665 3245 Deus
681 3189 891 3264 'eorumcaeptis
906 3190 1048 3266 aspirasse
1063 3189 1199 3247 credatur.v
1297 3264 1301 3271 ι

95 3282 254 3343 carnotina
267 3284 348 3342 facile
363 3279 538 3360 dignoscitur
551 3282 693 3350 Ecclesia,
709 3304 753 3342 res
769 3285 845 3343 enim
860 3294 904 3345 est
921 3287 1080 3354 notissima,
1093 3286 1248 3370 vneclullius

60 3385 173 3463 imperii
187 3385 326 3445 latissima
340 3384 409 3444 ditio
424 3386 509 3457 'aque
525 3392 609 3467 patet.
652 3384 767 3441 Nomen
783 3383 918 3460 singulari
933 3374 989 3442 Dei
1003 3382 1180 3461 providentia
1192 3386 1250 3445 Ec·

61 3483 154 3542 clesiae
174 3483 334 3563 inherens,
360 3483 429 3556 quin
457 3482 568 3559 possint
595 3491 678 3543 sectae
704 3480 773 3539 illud
798 3499 942 3556 usurpare,
961 3480 1080 3559 'cuilibet
1101 3500 1162 3542 rem
1184 3470 1261 3544 facit*

61 3577 263 3669 exploratam..
401 3576 408 3591 '
523 3664 526 3669 1
651 3573 661 3583 ”
846 3658 848 3663 Ι
933 3660 936 3664 ¹
1191 3582 1193 3591 ⁴

84 3688 87 3693 '
99 3677 127 3736 E
139 3688 241 3749 contra,
247 3676 340 3755 Secta
357 3685 513 3734 noscuntur
532 3676 616 3734 unius
631 3684 679 3733 aut
692 3675 806 3745 alterius
820 3675 909 3751 regni,
924 3675 970 3733 vel
986 3675 1100 3735 ditionis
1114 3678 1250 3743 limitibus

56 3774 116 3834 fere
137 3785 203 3833 totae
224 3756 373 3840 contineri,
394 3772 438 3830 vel
460 3773 559 3830 saltem
578 3771 655 3857 haud
675 3766 782 3845 ubique
803 3770 924 3840 diffusae,
940 3781 1109 3833 sectatorum
1132 3759 1251 3836 numero

56 3870 196 3930 illustres.
230 3871 298 3948 Ipsa
312 3889 363 3928 sua
378 3868 493 3928 nomina
507 3870 612 3947 saepius
627 3889 723 3927 earum
734 3854 839 3951 limites
855 3869 984 3927 innuunt.
1017 3869 1066 3929 Sic
1080 3862 1255 3950 Anglicono

54 3971 197 4032 Ecclesia
218 3971 291 4029 intra
305 3969 461 4046 anglorum
481 3971 585 4046 regina
606 3968 742 4028 ditionem
762 3970 820 4027 sere
842 3969 958 4038 sistitur,
974 3964 1133 4043 qnae'enim
1148 3973 1252 4031 alieubi

56 4069 190 4141 locorum
206 4078 285 4126 extra
299 4085 360 4125 eam
376 4065 469 4124 socias
483 4084 515 4123 ae
527 4066 654 4143 ‘prebent
666 4058 761 4134 se'ctae,
776 4067 849 4125 sicut
862 4063 937 4142 apud
951 4086 1003 4125 nos
1025 4068 1249 4147 Episcopaliani,
1264 4058 1271 4067 ’

324 4276 360 4359 (l)
377 4291 416 4348 atr
423 4291 480 4357 μίαν
490 4291 558 4361 tyto
568 4294 686 4345 uitantis
696 4293 810 4346 Mnasias
826 4295 925 4355 Celsein.
938 4297 976 4347 18.

323 4381 362 4444 (2)
380 4377 444 4432 Missi
457 4377 524 4447 ipius
532 4378 651 4432 mais
663 4374 701 4430 rasi
714 4377 835 4434 ἀπ’ὅοολικῆι
846 4380 955 4432 mucias.
999 4388 1001 4392 '

324 4464 363 4527 (3)
381 4460 657 4523 transmisisse.
806 4466 809 4470 '
