2738 5032
108 238 173 295 288
359 237 418 298 DE
438 238 733 299 ooucmlouuut
754 238 1065 305 sucrumt'rE.

110 394 238 472 cere).”¹
280 397 344 454 Alia
357 396 513 455 adducendi
528 399 688 457 testimonia
711 410 810 475 postea
823 399 877 458 erit
889 398 1012 467 occasio,
1026 398 1156 473 quamvis
1171 398 1203 459 iu
1215 408 1304 461 rotet

110 496 304 555 monumentis
319 496 433 571 probata
447 496 574 553 videatur
587 501 853 573 supervacaneum.¹

153 591 221 670 Obj.
248 591 282 650 In
304 592 436 651 Concilio
462 592 726 670 lliemsulymitauu
750 595 913 673 Presbyteri
940 592 1087 672 apostolis
1121 593 1301 667 assidebant,

107 707 216 762 eosque
227 689 261 746 ad
273 678 426 766 'regendam
438 690 599 747 Ecclesiam
613 691 780 749 constitutus
794 690 866 749 dixit
879 690 996 749 Paulus.

147 785 237 864 Resp.
256 788 321 845 Jam
340 787 462 846 vidimus
484 788 717 864 Presbyteromm
738 790 853 847 nomine
873 788 1015 865 designari
1035 788 1212 866 Episcopus,
1235 788 1300 857 imo

107 882 261 960 Apostolos
276 904 333 941 nou
347 885 454 952 semel;
476 905 532 957 qua
545 885 651 941 ratione
666 885 749 942 etiam
769 886 803 943 ab
818 884 926 944 Irenaeo
939 885 1125 962 appellantur,
1140 884 1209 942 licet
1229 885 1297 962 ipse

108 982 251 1045 charisma
260 994 366 1040 certum
377 981 501 1040 veritatis
511 1002 575 1040 cum
590 983 784 1059 Episcopatus
797 984 978 1042 successione
991 984 1175 1061 conjunctum
1185 982 1300 1041 doceat.

107 1079 248 1139 Praeterea
262 1099 319 1137 non
334 1098 469 1156 negamus
484 1078 643 1139 sacerdotes
659 1080 797 1138 Conciliis
812 1081 948 1138 interesse
964 1098 1059 1157 posse,
1071 1080 1229 1157 Episcopis
1247 1100 1301 1139 an·

69 1170 72 1179 '
106 1177 267 1244 nuentibus,
282 1187 312 1233 ut
324 1177 453 1235 consiliis
467 1177 527 1233 suis
541 1187 570 1233 et
582 1177 700 1233 seientia
720 1196 770 1235 eus
791 1176 933 1254 adjuvent,
948 1175 978 1235 id
991 1177 1068 1236 enim
1088 1195 1207 1254 semper
1226 1196 1299 1237 eou-

68 1302 72 1321 =
105 1285 217 1332 suetum
233 1286 296 1342 est,
311 1273 422 1350 sedjus
436 1273 591 1331 decisivum
606 1275 648 1331 eis
663 1285 825 1350 competere
838 1275 948 1335 nullum
968 1275 1121 1352 Scripturas
1142 1275 1195 1333 vel
1210 1274 1300 1343 tradi·

105 1373 191 1432 tionis
205 1372 405 1431 documentum
421 1373 527 1449 probat.
569 1368 690 1430 Nullum
704 1384 779 1430 certe
792 1382 909 1450 apparet
921 1373 983 1450 ejus
997 1373 1149 1450 uestigium
1164 1372 1197 1431 iu
1215 1372 1298 1433 Gou-

59 1500 62 1505 ·
105 1471 171 1529 cilio
186 1471 476 1549 Hierusolymitanu.'

147 1565 214 1645 obj.
229 1572 258 1624 2.
282 1568 408 1625 Fuerum
421 1567 518 1643 procul
533 1566 621 1625 dubie
633 1566 800 1625 Sacerdotes
811 1567 957 1644 simplices
972 1568 1021 1641 qui
1036 1566 1170 1627 Concilio
1189 1568 1298 1629 iutere-

52 1710 56 1725 .
103 1674 176 1731 rant
190 1682 242 1722 nec
256 1664 333 1721 enim
348 1673 423 1722 mne
436 1676 495 1722 erat
508 1665 718 1742 Episcopumm
740 1666 823 1742 copia
836 1675 867 1725 ut
880 1666 976 1742 plures
989 1666 1020 1724 in
1041 1685 1099 1725 una
1112 1678 1297 1727 versarentur

49 1836 52 1841 Ι
103 1761 182 1829 urbe,
197 1778 251 1818 nee
261 1760 290 1818 id
305 1778 430 1834 unquam
443 1763 509 1820 sivit
518 1763 657 1821 Ecclesiae
668 1763 828 1839 disciplina,
840 1781 905 1835 qum
915 1763 999 1821 unius
1011 1763 1152 1840 Episcopi
1160 1764 1294 1841 regimen

45 1922 48 1927 ,
102 1858 134 1916 in
147 1878 315 1933 unaquaque
329 1858 444 1919 diaeeesi
457 1861 562 1919 statuit.
604 1862 665 1919 Eos
680 1872 772 1919 autem
787 1861 923 1938 suffragiu
937 1880 990 1921 suo
1010 1860 1157 1919 diremisse
1169 1871 1296 1935 ,conbo-

44 1940 47 1945 ¹
103 1956 223 2014 versiam
237 1956 336 2030 liquet,
351 1976 439 2035 quum
454 1957 489 2014 ad
510 1976 570 2024 eus,
585 1976 641 2014 una
662 1976 726 2014 cum
741 1957 898 2032 Apostolis,
909 1988 912 1995 ·
922 1946 1000 2015 esset
1021 1957 1120 2025 selam,
1139 1966 1168 2016 et
1187 1957 1294 2019 lirum

100 2054 247 2112 communi
271 2054 398 2113 omnium
420 2055 546 2121 nomine,
567 2055 689 2130 scriptas,
711 2065 739 2111 et
758 2052 889 2131 dogmata
909 2055 999 2115 abiis
1016 2053 1143 2131 judicata
1161 2038 1298 2117 dicautur

32 2160 36 2223 ζ
99 2156 133 2204 ss
143 2152 261 2222 clypaeo,
269 2168 304 2205 sc
314 2152 439 2220 κειριμίω
449 2168 496 2205 asu
506 2168 556 2205 rus
565 2166 703 2205 mucram
715 2148 757 2205 sul
774 2156 820 2206 stu
832 2153 992 2221 κρεσβικίρω
1002 2152 1274 2223 τυίὶιν*ΙεροικιυωίμθΙ

32 2236 37 2311 ξ
143 2238 233 2317 Resp.
254 2240 409 2299 Manifesta
422 2250 466 2298 est
478 2240 549 2301 ratic
564 2260 614 2299 cur
627 2242 721 2315 plures
736 2241 766 2298 iu
779 2259 835 2299 una
847 2242 917 2299 urbe
926 2240 1032 2299 versari
1045 2241 1191 2317 potuerint
1204 2240 1297 2320 Epis·

29 2330 35 2401 ,ἕ
100 2335 177 2412 copi,
192 2335 267 2409 quud
282 2335 391 2395 scilicet
404 2335 536 2395 Ecclesia
547 2336 734 2409 undequaque
743 2337 821 2394 brevi
830 2334 1107 2404 diffundeudsesset,
1118 2334 1297 2415 Episcopis,

28 2420 31 2425 ¹
100 2433 249 2490 occasione
264 2434 336 2501 data,
352 2436 381 2492 in
397 2433 517 2510 singulis
532 2435 647 2491 urbibus
661 2433 876 2501 constituendis,
886 2445 916 2491 et
927 2444 960 2492 ut
969 2434 1145 2494 successioni
1158 2435 1297 2495 cousule-

99 2537 185 2594 retur,
199 2548 235 2587 ne
250 2532 395 2606 martyrio,
411 2530 456 2588 vel
470 2532 568 2588 morbo
582 2530 690 2598 ablatis,
705 2530 818 2588 deesset
831 2531 881 2603 qui
895 2550 1002 2611 norum
1014 2531 1156 2591 ordinaret
1173 2533 1294 2608 spisco-

97 2630 180 2703 pu.
221 2626 270 2685 Ex
285 2627 385 2685 vicinis
406 2626 547 2684 Ecclesiis
567 2627 654 2685 etiam
674 2627 879 2695 conveniebant
898 2628 1094 2687 communium
1106 2626 1294 2705 negotiorum
1320 2698 1326 2709 .

15 2760 18 2765 -
98 2704 194 2791 chrisa,
209 2722 286 2797 quud
297 2724 462 2800 contigisse,
477 2723 567 2781 Paulo
580 2741 632 2781 eus
647 2722 779 2782 Miletum
799 2733 968 2791 arcessento,
989 2723 1080 2797 liquet
1097 2741 1136 2781 ex
1155 2732 1294 2785 veterum

98 2821 274 2891 testimonio,
288 2831 367 2880 etex
387 2822 451 2899 ipsa
463 2821 595 2898 Apostoli
609 2821 756 2889 concione,
773 2821 803 2878 in
826 2839 883 2894 qua
903 2839 954 2881 eus
968 2820 1066 2880 veluti
1077 2812 1165 2879 tutam
1186 2821 1293 2882 Asiam

9 2994 12 2999 Ι
97 2921 238 2987 minorem
263 2922 431 2990 habitantes,
446 2920 607 2994 alloquitur,
622 2939 653 2978 se
667 2918 821 2979 tiienmum
841 2918 917 2996 apud
937 2938 988 2979 eus
1009 2914 1152 2979 versatum
1177 2918 1297 2987 diceus,

9 3020 14 3067 ἓ
97 3017 175 3090 quud
188 3019 325 3094 temporis
339 3019 461 3095 spatium
473 3018 586 3095 Ephesi
599 3036 657 3083 uon
670 3017 835 3076 substitit⁴·
856 3016 996 3076 Ecclesia
1014 3025 1112 3085 autem
1132 3016 1292 3096 disciplina

97 3112 189 3189 exigit
202 3123 233 3170 ut
245 3114 295 3170 uui
308 3113 492 3171 concredatur
505 3115 643 3190 regimen,
653 3113 706 3173 sed
720 3113 879 3172 nullatenus
893 3123 968 3172 vetat
981 3113 1077 3190 plures
1091 3113 1121 3172 in
1139 3133 1201 3173 uua
1220 3117 1294 3177 urhe

96 3211 213 3280 morari,
229 3208 305 3283 quod
325 3210 456 3287 plurimis
477 3229 514 3267 ex
534 3211 627 3267 causis
648 3211 810 3286 contingere
830 3220 933 3286 potest.
973 3210 1027 3269 Jus
1047 3194 1180 3289 suffragii
1198 3214 1293 3274 ullum

96 3310 259 3367 exercuisse
274 3308 461 3382 Presbyteros
476 3305 507 3364 in
521 3306 654 3365 Concilio
675 3306 939 3385 Hierusolymitano
959 3306 1035 3368 haud
1051 3319 1171 3377 constat,
1187 3329 1295 3384 quam·

94 3405 139 3463 vis
152 3405 272 3464 libenter
285 3402 385 3462 demus
399 3420 449 3461 eus
461 3420 592 3461 assensus
607 3403 695 3461 luisse
708 3403 804 3473 Petro,
820 3414 903 3482 prout
914 3405 1017 3506 aliquis
1030 3403 1124 3473 codex·
1136 3404 1261 3467 habet!

127 3614 164 3675 (1)
174 3614 237 3678 Eph.
247 3617 322 3666 Cone.
335 3632 356 3664 c.
366 3632 406 3667 xx.
417 3616 463 3666 cul.
474 3612 545 3665 1³16.
559 3624 576 3665 t.
587 3614 606 3664 i.
615 3614 694 3664 Hard.

128 3698 163 3759 (2)
176 3706 190 3728 ‘⁸
198 3684 278 3749 'l'bure
290 3699 365 3765 enists
376 3707 418 3748 net
430 3699 455 3747 in
464 3699 505 3747 tbc
517 3699 635 3747 christian
653 3706 770 3763 systema
782 3699 900 3763 principle
910 3716 978 3748 mure
989 3699 1076 3765 sulidly
1088 3700 1163 3773 lixed,
1174 3718 1207 3751 or
1218 3719 1292 3753 muro

94 3782 201 3846 potently
214 3783 360 3840 efficacious,
369 3799 396 3829 ur
409 3797 476 3829 more
490 3781 586 3829 suvered
604 3782 635 3845 by
653 3782 686 3830 all
698 3781 738 3829 tlte
750 3782 826 3830 sueial
837 3783 978 3831 tendeneies
988 3782 1019 3831 of
1030 3783 1079 3832 this
1090 3783 1221 3834 immurtsl
1233 3804 1289 3851 sys-

93 3872 152 3924 tem,
160 3866 218 3915 than
230 3868 270 3915 the
282 3867 418 3932 legislative
426 3867 473 3914 und
487 3866 590 3931 judieial
607 3867 686 3930 rights
697 3867 727 3915 uf
734 3868 839 3930 hislrups.
870 3867 933 3916 This
945 3867 1086 3933 chiestuncy
1098 3868 1119 3916 is
1131 3876 1175 3918 uot
1186 3870 1239 3923 the,
1250 3888 1288 3921 re·

93 3949 181 4000 sultof
192 3950 289 4008 wealtb,
300 3967 344 3999 nor
355 3951 396 3998 the
407 3949 527 4013 cffspring
539 3949 568 3997 ef
580 3949 708 4008 ambition,
719 3951 762 3999 hut
779 3951 819 3998 the
833 3967 964 4016 necessary
979 3967 1146 4015 consequence
1160 3952 1193 4001 of
1204 3955 1291 4020 unity‚

93 4055 121 4087 as
136 4035 190 4084 well
204 4051 232 4081 us
244 4032 285 4081 the
299 4034 380 4083 divine
394 4033 532 4082 institution
547 4034 576 4081 of
588 4034 627 4081 thu
641 4034 703 4082 Now
719 4034 804 4083 Law.”
837 4036 926 4085 Clinclr
940 4036 1023 4085 Letter
1037 4036 1058 4089 1.
1071 4053 1094 4099 p.
1106 4037 1130 4085 5.

126 4117 162 4178 (a)
181 4117 236 4164 Aet.
248 4116 326 4163 xvia.
888 4180 892 4185 .
1113 4102 1120 4117 '

125 4201 161 4262 (4)
173 4206 187 4228 “
196 4198 328 4247 Markland
341 4200 431 4263 rightly
444 4199 518 4247 infers
531 4201 592 4247 frum
605 4216 672 4247 verse
683 4200 782 4258 asphar
793 4201 855 4251 Paul
867 4202 992 4252 convulsed
1003 4203 1110 4268 noteuly
1121 4203 1164 4253 the
1176 4200 1292 4270 Presby.

91 4294 141 4336 tera
151 4286 180 4336 of
187 4283 307 4347 Ephesus,
319 4284 361 4330 but
372 4284 401 4331 uf
408 4286 447 4332 tbe
459 4285 568 4342 distriet;
580 4302 612 4333 nu
623 4293 678 4348 part
686 4286 716 4334 uf
723 4286 742 4333 it
751 4287 825 4352 being
835 4287 872 4336 fur
883 4288 945 4339 frum
958 4288 1079 4353 Ephesus,
1089 4290 1212 4354 (namely,
1221 4293 1289 4344 Asia

91 4386 185 4436 proper,
192 4368 233 4416 tho
245 4365 342 4414 ancient
355 4365 459 4427 lunia.)''
494 4367 636 4417 Bleumlield
648 4369 674 4416 in
686 4368 730 4417 lue.
1146 4366 1150 4373 ’

125 4460 162 4518 (5)
181 4450 428 4521 Συγκατατεὲεμένων
448 4455 474 4505 dl
492 4456 537 4505 τῶν
555 4454 714 4522 πρεσβυτέρων
732 4450 783 4514 τοῖς
800 4452 841 4508 ὑπό
858 4456 901 4509 vlu
918 4464 1012 4524 nereca
1030 4457 1160 4526 ἱιρημένοις,
1178 4459 1293 4533 isim„

90 4557 162 4597 enac,
198 4537 261 4586 Vide
273 4534 409 4583 Griesbach
418 4536 447 4584 'iu
460 4537 504 4586 luc.
