2738 5032
138 338 158 399 a
316 316 321 325 “
517 340 596 429 ,ιιι
618 328 922 399 aavanartorva

138 484 183 557 nis
204 486 366 558 auctoritate
386 492 625 574 omnino'spreta,
641 496 772 555 scientias
795 488 949 565 coluerunt,
965 514 1023 563 non
1043 495 1325 575 ideo¹proestiterunt

138 597 210 666 aliis,
226 588 384 674 Religionis
404 595 490 655 simul
512 604 540 652 et
552 595 733 655 scientiarum
748 594 899 653 cultoribus
916 595 1051 664 assiduis;
1066 606 1096 652 et
1113 595 1220 671 soepius
1236 591 1324 651 'interi

138 696 228 753 coacti
241 705 306 753 sunt
319 715 353 752 ea
366 698 431 768 quae'
449 693 613 774 revelationi
627 680 879 769 oinciebanturex
899 695 1079 752 scientiarum
1099 694 1186 753 veluti
1206 709 1324 770 promp·

137 793 237 861 tuario‘,
252 794 313 850 vim
339 790 414 848 haud
441 791 557 858 habere3
582 809 615 846 ea
642 791 735 866 potius
760 809 821 863 quae
837 798 912 849 certo
937 778 1139 856 noscebantur,
1148 782 1323 863 ⁴revelationi

138 887 294 965 suffragari,
316 887 357 945 uti
378 887 491 979 egregie
505 886 707 944 demonstravit
727 885 787 944 Rds
807 887 851 945 Ds
873 888 1015 946 Nicolaus
1025 887 1197 962 Wiseman
1188 905 1219 944 ιιι
1232 894 1321 962 opere

138 984 244 1042 eximio
254 983 288 1041 dc
297 1001 375 1045 nanu
385 984 418 1043 in
418 991 461 1063 ιιι·
469 982 651 1060 Religionem
660 992 687 1040 et
701 985 849 1046 Scicatiua.
892 980 941 1043 De
953 983 1078 1061 moribus
1090 983 1320 1067 Christianorum

138 1101 203 1155 quoe
230 1080 369 1150 dicuntur,
393 1057 545 1139 humanam
573 1082 691 1176 probant
717 1066 916 1149 infirmariam,
940 1080 991 1138 sed
1018 1079 1196 1138 revelationis
1218 1058 1321 1137 uberes

136 1178 272 1237 sructus'
264 1198 294 1236 m
314 1179 350 1237 iis
374 1170 525 1256 agnoscere
541 1188 597 1246 est,
623 1178 672 1251 qui
685 1179 746 1254 ejus
769 1165 878 1261 lumine
898 1179 1031 1241 virtutum
1051 1188 1150 1236 vacant
1168 1150 1320 1249 exercitio.

138 1258 269 1349 Proiecln
278 1294 335 1333 non
347 1274 451 1341 desunt
460 1275 570 1346 ubique
577 1273 721 1332 scandala:
738 1254 858 1332 attamen
869 1275 992 1352 fragrans
1007 1275 1119 1352 pietatis
1128 1274 1321 1357 virtutumque
1335 1302 1349 1331 .:

137 1370 267 1428 omnium
278 1368 348 1427 odor
360 1372 510 1427 moerente's
525 1369 608 1427 solari
622 1368 719 1436 debet;
735 1378 836 1455 praesto
850 1370 915 1429 snirt
928 1371 1004 1427 enim
1018 1369 1067 1442 qui
1080 1369 1206 1426 moribus
1220 1377 1252 1427 ct
1261 1366 1321 1445 title

138 1456 282 1525 christiani
304 1459 378 1524 sunt.
426 1465 487 1532 Qui
506 1475 632 1522 veterum
658 1464 757 1541 legerit
782 1466 897 1545 scripta,-
916 1467 996 1524 novit
1015 1483 1073 1537 quo
1091 1465 1155 1522 loco
1167 1464 1244 1522 'vitia
1263 1462 1322 1522 sint

138 1561 242 1630 habita,
258 1581 320 1655 quac
335 1575 372 1619 ex
386 1544 518 1631 cathedra
531 1581 744 1634 nonnumquam
761 1560 916 1619 docuerunt
935 1562 1109 1638 philosophi,
1125 1580 1187 1633 quae
1202 1561 1320 1631 deorum

128 1665 495 1742 -exemplosanciebantnr,
511 1663 680 1736 atquibus
672 1663 779 1738 inipso
793 1661 910 1739 templo,
925 1662 1016 1721 cultus
1036 1661 1141 1752 specie,
1151 1655 1321 1753 indulgeba

134 1765 204 1819 ιιιι.1
248 1762 292 1823 De
307 1760 432 1821 moribus
452 1761 690 1838 philosophorum
701 1752 911 1825 hodiernorum,
926 1759 1100 1830 aliorumque
1118 1748 1321 1821 revelationem

20 1838 23 1845 ¹
59 1866 62 1873 “
126 1844 481 1954 :sperncd'tiumarolumus
488 1854 718 1955 duriusproierre
721 1844 1210 1929 judicium,necenimconscientiae
1220 1872 1322 1912 arcana

135 1955 281 2044 novimum
297 1973 350 2013 nec
359 1953 440 2027 quod
452 1962 572 2011 mortem
586 1952 640 2008 sibi
655 1942 761 2026 saepius
776 1951 962 2018 consciscant,
976 1951 1049 2008 vitoe
1056 1951 1135 2008 vitiis
1150 1951 1318 2031 inquinatae,

135 2064 164 2110 et
176 2052 357 2110 conscientiae
370 2038 554 2113 remordentis
567 2056 761 2124 argumentum
773 2046 954 2104 adducimus·
960 2047 1059 2131 sed
1036 2066 1061 2104 st
1070 2062 1134 2104 sese
1149 2048 1222 2135 intra
1232 2047 1321 2109 officii

135 2147 241 2206 limites
254 2146 425 2223 contineant,
440 2144 545 2202 nullam
566 2161 654 2216 quum
673 2140 795 2199 habeant
812 2141 937 2226 regulam
951 2159 1071 2218 morum,
1087 2152 1190 2220 praeter
1201 2144 1321 2201 rationis

134 2242 296 2323 dictamitlu,
319 2241 428 2331 nullum
448 2258 594 2317 poenarum
607 2248 724 2306 metum,
747 2239 853 2320 nullam
872 2254 954 2315 spem
974 2240 1111 2315 proernii,
1120 2259 1177 2297 non
1200 2249 1259 2297 eat
1270 2258 1322 2299 cur

136 2336 226 2398 nobis
241 2322 425 2418 succenseant
445 2339 590 2421 arctiorem
609 2326 734 2437 regulam
748 2347 859 2423 urorum
877 2355 914 2393 ex
930 2336 1099 2395 revelatione
1112 2332 1325 2409 ιιιιιιοιιιιιιφ.
1336 2364 1343 2389 ε

136 2435 205 2511 Vim
228 2438 290 2512 ejus
314 2444 417 2492 norunt
438 2453 548 2525 ornnes,
569 2452 625 2519 qua
646 2430 839 2519 saepesaepius
852 2434 1016 2492 coercentur
1039 2433 1227 2527 cupiditates,
1240 2434 1324 2539 ιιιιιιιι

47 2564 53 2575 ·
136 2533 203 2590 alia
209 2528 315 2595 ratione
335 2531 494 2590 d0mandae

156 2628 232 2688 His
241 2641 338 2688 contra
350 2630 564 2707 possibilitatem
578 2628 782 2707 utilitatemque
793 2615 971 2698 revelationis
986 2601 1190 2711 objectionibus'
1202 2630 1318 2699 solutis,

130 2729 191 2826 jam
206 2729 276 2807 ipsa
283 2728 414 2786 revelatio
429 2727 512 2803 certis
533 2725 708 2785 documentis
723 2738 757 2785 et
772 2728 980 2806 testimoniisst
970 2727 1100 2784 tatu'enda
1113 2732 1173 2784 est.
1208 2727 1318 2786 Verum

135 2843 223 2897 quum
241 2825 365 2901 plurima
385 2823 450 2890 sint,
465 2842 499 2880 ea
513 2822 674 2880 summatim
690 2836 838 2907 recensere
854 2818 1114 2900 impraesentiarum
1128 2811 1248 2881 tantum
1252 2843 1318 2925 pos-

135 2939 243 2988 sumus,
260 2921 371 2996 'singula
384 2927 490 2996 postea
496 2919 592 2976 sosius
601 2900 766 2996 exposituri.

174 3014 266 3099 Pnop.
281 3021 311 3072 2.
333 3008 480 3073 Revelatio
491 3034 575 3088 quam
589 3015 724 3093 praedicat
738 3015 846 3072 Christi
858 3014 913 3072 Cat
913 3013 1005 3073 holica
1018 2985 1150 3110 Ecclesia
1164 3037 1180 3073 a
1179 2990 1258 3122 Deo
1272 2975 1319 3075 est

135 3113 257 3171 sacta.
384 3117 388 3123 '
895 3170 899 3177 ,
990 3162 993 3174 .

169 3150 313 3269 Probatur
332 3229 368 3267 ex
388 3183 533 3266 sanctitate
553 3219 581 3266 et
601 3165 769 3291 sublimitate
790 3208 875 3266 doct
844 3219 936 3266 trinas:
960 3203 997 3268 ex
1002 3196 1161 3275 diffusione
1182 3212 1246 3287 ejus
1267 3231 1318 3289 per

135 3307 231 3366 orbem
242 3308 321 3365 brevi
332 3308 437 3378 absque
449 3306 578 3363 humanis
594 3306 727 3363 subsidiis
742 3306 855 3365 effecta:
879 3326 915 3364 ex
930 3302 1000 3365 inira
1013 3302 1074 3384 ¹ejus
1087 3326 1137 3384 per
1148 3310 1317 3369 saeculorum

135 3405 245 3467 seriem
247 3403 474 3478 conservatione,
482 3408 526 3459 ex
539 3412 694 3483 martyrum
706 3403 778 3463 inter
789 3403 928 3478 supplicia
939 3398 1274 3475 constantitestim'onio,
1272 3425 1318 3490 ex

133 3492 272 3567 vaticiniis
287 3487 443 3581 insignibus
457 3496 604 3561 manifesto
616 3500 754 3576 impletis:
770 3510 798 3556 et
811 3502 841 3556 ut
829 3498 908 3556 talia
916 3497 1063 3566 sileamus,
1080 3518 1116 3556 ea
1126 3500 1204 3557 libris
1220 3479 1334 3561 Sacris

58 3586 63 3593 ¹
134 3597 279 3669 utriusque
292 3593 481 3664 Testamenti,
497 3592 598 3669 quibus
617 3596 713 3653 insunt
727 3596 883 3690 certissima
895 3605 966 3652 vent
947 3596 1018 3653 'talis
1034 3606 1207 3673 argumenta,
1212 3598 1318 3687 JJplcn

136 3693 284 3769 didissirna
297 3695 381 3751 etiam
396 3695 496 3752 divinae
512 3694 649 3770 originis
643 3684 769 3778 indicia..

37 3862 41 3867 ἰ
161 3789 263 3868 obj.
288 3791 319 3847 Si
340 3792 476 3866 revelatio
498 3790 660 3849 Christiana
680 3810 696 3846 a
716 3779 779 3849 Deo
804 3790 991 3866 provenisset,
1004 3751 1085 3848 adeo
1108 3790 1181 3848 clare
1200 3786 1316 3858 locutus

85 3963 88 3968 .
134 3889 234 3946 suisset
247 3887 336 3954 Deus,
353 3898 383 3945 ut
396 3888 548 3968 omnibus'
541 3888 710 3944 innotuisset
730 3887 903 3954 hominibus,
925 3906 977 3944 nec
999 3887 1166 3964 ullaposse't
1179 3886 1314 3947 derebus

134 3985 264 4059 revelatis
279 3984 412 4041 dubitatio
425 3958 538 4040 haberi:
561 3978 682 4040 attamen
702 3983 828 4059 plerique
845 3983 979 4040 homines
999 3984 1200 4042 revelationem
1215 3983 1317 4043 Chris·

135 4083 239 4140 tianam
259 4083 397 4161 ignorant,
412 4080 528 4158 ipsique
543 4082 614 4139 inter
628 4100 659 4139 se
673 4080 854 4138 vehementer
868 4080 1056 4157 disceptant
1037 4081 1071 4138 de
1086 4083 1168 4140 rebus
1182 4079 1315 4182 revelatis

136 4178 308 4236 Christiani.
328 4178 429 4280 Ergo
444 4197 469 4234 a
460 4175 536 4262 Deo
552 4177 682 4234 revelatio
698 4176 859 4234 Christiana
872 4196 929 4241 non
943 4177 1081 4269 prouenit.
1166 4178 1169 4183 '

167 4407 203 4470 (l)
219 4400 292 4455 Vitiis
303 4381 389 4454 contra
401 4393 514 4456 naturam
521 4407 611 4464 Grutci,
622 4405 736 4464 Romani,
748 4405 871 4464 Sinenscs,
883 4412 907 4455 et
919 4405 983 4465 Indi,
994 4377 1059 4455 haud
1070 4407 1178 4472 exceptis
1187 4364 1316 4467 celebcbri·

134 4491 182 4540 mis
199 4484 355 4554 philosophis,
373 4490 464 4554 passim
481 4491 674 4554 indulgebant'
658 4505 735 4552 nsque
747 4490 967 4552 patrocinabantur.
1003 4480 1073 4539 Plato
1082 4496 1119 4544 ea
1133 4491 1197 4541 inter
1213 4494 1318 4556 proemia

134 4565 277 4625 meritorum
299 4573 325 4621 in
341 4572 525 4638 rempublicam
536 4567 652 4623 recenset.
696 4572 734 4621 Do
750 4572 851 4635 Republ
868 4569 918 4622 15
950 4573 1012 4622 Vide
1021 4573 1104 4623 ctiam
1120 4572 1265 4627 Ciceronem
1283 4578 1316 4628 de

134 4658 230 4709 Natura¹
241 4655 378 4706 Deoruml
390 4655 497 4717 1,ιι.’28.
529 4656 635 4727 Confflle
648 4654 748 4772 Bergier
761 4654 1124 4720 οιιΑιιι.,ιιιι.,ρ2ἵ7.
