2738 5032
271 200 275 211 '
360 227 631 292 numantinis
653 228 971 293 nevusiriouis.
1239 236 1279 293 aa

93 386 168 446 enini
182 396 285 464 presto
296 397 377 447 erant
391 387 570 463 documenta,
611 389 683 455 Quia
697 390 782 466 igitur
796 389 907 449 tradidit
926 390 1004 450 nullo
1021 391 1146 451 humano
1160 390 1278 453 admini-
1361 446 1366 453 .

87 485 152 543 cula
173 486 341 548 nitebaatur.
382 483 482 563 Longe
503 485 617 561 quidem
644 485 750 545 distant
773 488 892 545 obscure
917 486 991 547 dicta
1013 508 1077 562 que
1102 489 1225 565 sparsim
1250 489 1279 548 iu

89 582 207 658 scriptis.
230 581 330 640 alienia
357 582 547 650 inveniuntur,
564 584 607 641 'ab
635 582 806 657 Christiania
833 580 1021 660 dogmatibus,
1049 585 1152 657 quibas
1184 595 1279 643 tamen

94 677 289 754 suffragantur,
304 689 443 749 quatenus
458 679 608 755 vestigium
622 677 765 751 quoddam
787 679 942 739 traditionis
964 680 1113 758 primitive
1130 681 1278 739 exhibent·

276 894 280 902 '
369 909 398 956 c.
415 906 471 956 xv.
499 906 547 955 ne
563 906 650 959 iesu·
664 880 750 956 viu'ii
767 906 813 956 ιι
832 906 995 959 moninus.

128 1074 206 1132 Cura
221 1058 356 1132 doctrine
377 1071 548 1131 Christiane
568 1068 736 1131 excellentia
757 1073 855 1131 intime
875 1073 1057 1150 conjungitur
1077 1074 1199 1132 auctoris
1220 1073 1277 1131 vita
1364 1116 1368 1123 .

90 1188 248 1245 morasque,
267 1169 306 1228 de
330 1171 433 1242 quibus
456 1169 617 1247 specialiter
638 1169 777 1246 agendum
798 1189 959 1228 censemus.
1001 1169 1136 1247 Plerique
1157 1169 1276 1231 ueiens

90 1265 235 1327 Christum
255 1268 400 1345 sapientie
420 1278 449 1324 et
467 1264 701 1327 virtutum'laude
721 1267 911 1335 decorarunt,²
928 1278 1064 1345 negantes
1088 1267 1275 1325 nihilominus

87 1383 173 1437 qnam
189 1365 301 1445 tradidit
320 1363 476 1423 doctrinam
495 1364 616 1422 celitus
623 1364 772 1433 revelatam
787 1383 862 1432 esse,
877 1364 923 1422 vel
937 1364 1132 1422 eum-Filium
1151 1361 1207 1421 Dei
1219 1362 1277 1422 alio

87 1472 177 1521 sensti
180 1458 248 1525 dici
258 1481 343 1535 quani
357 1479 416 1534 quo
429 1462 523 1531 ceteri
538 1460 679 1519 homines.
683 1465 696 1496 ⁸

62 1558 66 1576 '
104 1552 219 1638 Βιιρζ
236 1559 358 1619 -Morea
351 1559 524 1636 integerrimi
534 1559 707 1630 virtutesque
719 1560 821 1631 quibus
836 1558 944 1617 effulsit
956 1559 1054 1628 Jeeus
1067 1557 1193 1617 divinam
1207 1557 1275 1620 doc·
1320 1600 1329 1609 ·

86 1657 165 1715 trinas
179 1668 264 1730 quain
278 1655 391 1714 tradidit
404 1657 523 1732 probant
535 1655 685 1733 nemnem.
761 1680 765 1692 ·

124 1753 217 1814 Proh.
239 1755 337 1822 Quum
349 1753 482 1812 Christus
496 1755 603 1831 sepius
615 1753 795 1812 affirmaverit
804 1773 836 1812 ae
848 1770 1034 1847 quaecumque
1046 1772 1062 1810 a
1068 1753 1160 1811 Patre
1169 1752 1277 1812 audivit

82 1854 238 1918 etiarrare,⁸
251 1860 282 1908 et
300 1849 469 1933 doctrinam·
466 1868 556 1923 quam
578 1849 690 1915 tradidit
703 1869 783 1908 suam
805 1842 1029 1916 nonense,⁴sed
1050 1849 1177 1925 ejusqui
1196 1850 1277 1907 misit

80 1964 156 2007 cum
165 1947 270 2015 Patris,
285 1926 331 2004 sci
347 1946 481 2015 mendax,
497 1946 542 2004 'rel
561 1944 699 2004 delusus
691 1947 892 2031 imaginatione
906 1942 1063 2003 habendae
1074 1953 1128 2010 est,
1144 1943 1189 2001 vel
1209 1942 1276 2001 doe·

84 2043 160 2101 trina
171 2041 277 2115 divina
282 2051 327 2100 eet
337 2041 528 2119 agnoscenda.
570 2041 740 2106 Mendacem
755 2053 851 2100 autem·
863 2042 934 2115 quis
931 2059 979 2099 eii
992 2040 1064 2118 ipsis
1086 2039 1194 2096 Deistis
1207 2057 1275 2097 euin

84 2137 185 2205 diocte
203 2139 343 2203 audebit-l
378 2139 493 2196 Τοιι
468 2157 530 2215 epus
541 2137 611 2205 vita,
626 2139 894 2215 nneainptieiete
908 2139 942 2196 ab
963 2136 1155 2215 Evangelistis
1176 2120 1279 2233 relata,
1308 2192 1312 2198 .

83 2246 152 2298 etim
178 2236 302 2301 ιιιιιιιιι
326 2235 538 2294 tenacissimum
563 2223 655 2302 docet,
674 2235 776 2315 cuiut
796 2236 988 2308 testimonium
1012 2234 1172 2315 perhiberet
1191 2253 1223 2292 ae
1244 2235 1274 2294 iii
1359 2256 1361 2263 ’

86 2330 227 2391 meadum
241 2333 355 2391 schista
368 2351 463 2422 coram
478 2315 746 2390 Pilato'coustauter
756 2331 915 2390 declaravit.
955 2332 1154 2409 Decepterem,
1167 2333 1275 2411 impos·

28 2467 31 2472 -
85 2437 236 2502 toremque
250 2447 316 2486 eum
330 2428 470 2505 cogitare,
479 2428 529 2501 qui
539 2428 723 2485 ‘sanctissima
736 2427 854 2487 tradidit.
861 2438 1011 2505 precepta,
1026 2428 1162 2505 ipsosque
1176 2429 1273 2489 hostes

83 2512 254 2601 provocarit¹
262 2521 294 2582 ut
306 2524 332 2581 si
346 2523 414 2596 qnid
428 2524 536 2600 peccati
546 2525 576 2582 in
587 2542 622 2581 eo
632 2524 813 2600 reperissent,
824 2524 944 2583 fidenter
957 2524 1122 2601 objicerent,
1134 2525 1272 2583 absonum

82 2631 140 2690 esta
154 2620 214 2679 iuro
227 2619 322 2678 horret
335 2620 446 2680 animus
460 2638 527 2678 euni
541 2619 647 2681 fraudis
661 2619 754 2678 dolive
769 2628 895 2698 arguere,
908 2640 994 2694 quem
1008 2621 1149 2678 sermonis
1164 2622 1274 2696 simpli·

81 2718 180 2789 ιιιιιι,
194 2716 371 2793 operumque
392 2716 578 2774 beneficentia
598 2717 740 2792 insignem
754 2717 843 2774 inisse
854 2711 976 2784 'conset
992 2715 1153 2791 pertransiit
1165 2717 1274 2792 quippe

82 2811 285 2886 beniacicudo
299 2824 327 2870 et
337 2812 462 2871 sanando
476 2797 592 2890 omnes..
618 2813 759 2870 atamen
773 2814 799 2870 si
812 2812 939 2870 doctrina
953 2813 1015 2888 ejus
1026 2803 1135 2869 celitus
1149 2810 1273 2870 derivata

81 2930 143 2981 noia
156 2921 352 2988 agnoscatur,
345 2910 373 2968 id
382 2910 455 2968 falso
466 2910 648 2986 sepesaepius
659 2906 825 2977 affirmasse,
840 2918 869 2965 et
881 2909 951 2965 mira
962 2927 1049 2984 opera
1059 2906 1157 2966 dolose
1175 2909 1271 2986 egisse

83 3006 123 3067 ad
144 3026 210 3089 eam
232 3001 324 3066 velu'ti
341 3005 445 3064 divinis
470 3006 571 3081 sigillis
593 3003 769 3071 firmandam,
786 3015 814 3062 et
828 3004 890 3062 Dei
912 3005 1028 3069 nomine
1053 3014 1082 3061 et
1105 3005 1271 3064 auctoritate

77 3104 174 3182 'impie
187 3104 293 3162 abusus
304 3103 466 3163 censendus
481 3114 539 3160 est.
555 3104 614 3162 imo
629 3102 724 3160 Deum
738 3102 950 3179 blasphemasse
969 3100 1137 3161 dicendos.t
1140 3103 1224 3180 ‘Ego
1245 3115 1274 3161 et

84 3202 273 3271 Paterninum
288 3202 444 3259 eiiinutt.'l
473 3261 475 3265 ,
946 3254 951 3265 .

124 3297 191 3357 Nec
202 3297 269 3360 licet
281 3296 383 3355 illuni
376 3234 586 3374 imaginatione
593 3264 739 3372 abreptum
754 3296 872 3355 habere:
895 3315 948 3354 nec
960 3296 1039 3353 enirn
1054 3295 1208 3381 phantasiae
1230 3295 1271 3352 ιι·

81 3392 201 3457 vidistis
221 3393 310 3474 ellum
329 3394 450 3470 prebuit
462 3393 617 3452 iudiciuin:
640 3392 696 3451 sed
702 3394 777 3450 mira
790 3394 877 3451 animi
869 3388 1101 3466 tranquillitate,
1117 3402 1145 3449 et
1158 3408 1278 3473 summa

81 3470 154 3552 cani
165 3482 302 3566 sapientia
316 3491 411 3569 omnia
431 3485 547 3567 prolulit
560 3500 588 3547 at
608 3490 694 3569 egit·
717 3488 848 3551 Proiecto
868 3489 936 3549 licet
954 3490 1074 3562 quisque
1088 3488 1143 3545 sibi
1164 3489 1272 3587 tingere

81 3595 199 3669 posset
194 3587 249 3645 sibi
270 3564 350 3664 plura
362 3580 496 3675 divinitus
517 3584 649 3666 revelari,
660 3585 727 3662 egri
742 3585 830 3643 animi
843 3586 956 3643 somnia
975 3603 1007 3643 se
1011 3583 1188 3660 proderent,
1200 3576 1268 3660 qiter

81 3682 170 3742 unico
189 3681 281 3746 delusi
303 3682 427 3747 heminis
446 3683 603 3747 niterentur
616 3680 789 3764 testimonio.
832 3679 965 3736 Christus
980 3689 1073 3739 autern
1089 3680 1269 3740 cohaerentia

82 3781 158 3861 inter
171 3797 213 3837 ee
209 3777 338 3846 tradidit,
352 3798 408 3837 nen
418 3780 478 3839 suis
493 3789 601 3837 tantum
614 3777 697 3836 dictis
713 3760 808 3853 exegit
822 3776 918 3843 fidem,
932 3776 984 3841 sed
998 3795 1085 3852 epeia
1098 3776 1216 3836 adduxit
1230 3777 1271 3853 di·

81 3876 153 3937 rina
163 3886 270 3954 patrata
283 3877 393 3955 uirtute
408 3877 523 3936 indubia
536 3873 806 3960 cebetisldectrinae
820 3875 1041 3951 argumenta.⁶

116 4069 153 4129 (ι)
169 4063 305 4133 ilmthing
315 4069 369 4117 that
379 4069 400 4122 ia
418 4069 539 4118 heresuid
557 4085 603 4118 cun
616 4067 790 4133 apply,eeen
779 4067 839 4115 with
856 4067 897 4122 tiis
910 4073 973 4116 most
989 4065 1084 4116 distent
1095 4068 1229 4134 dirrespeet
1244 4077 1270 4121 tn

21 4210 24 4215 ,
80 4154 126 4204 the
140 4150 205 4204 real
211 4151 339 4203 character
353 4150 467 4207 eliseus
481 4154 571 4204 Christ
609 4153 710 4202 Hewas
727 4168 743 4200 e
759 4152 868 4200 virtusne
886 4149 932 4199 and
948 4166 979 4199 an
997 4149 1181 4203 amiiblemsn.
1214 4155 1269 4204 The

82 4237 198 4303 morality
208 4238 262 4286 that
277 4239 308 4287 he
314 4239 440 4302 preached
453 4240 501 4288 and
519 4216 641 4302 practised
655 4250 705 4285 (ιιι
717 4235 747 4284 of
755 4236 799 4284 tho
818 4243 880 4308 most
898 4235 1041 4341 benevolcnt
1059 4236 1144 4286 lindi*
1178 4239 1275 4304 Agacl

85 4312 189 4379 Rcaeon,
200 4320 295 4384 parti,
307 4337 330 4384 p.
342 4321 379 4370 15
635 4347 639 4354 ,

103 4402 293 4468 (ιιιιιιιιῖι.
395 4430 397 4435 ·
459 4399 462 4415 ’
500 4428 513 4433 ·’
608 4396 617 4414 ‘
719 4408 771 4464 (5
762 4401 949 4465 t.J0..anx3ll

116 4488 152 4549 is)
168 4487 348 4540 tesnerias.
371 4537 375 4545 ,
399 4498 401 4503 ’
445 4471 447 4479 ’
693 4498 694 4503 ’
728 4489 768 4549 (h)
786 4488 858 4537 John.
871 4503 907 4534 xv.
919 4484 976 4544 ιι..

125 4571 160 4634 (ι)
176 4573 248 4626 Jean.
259 4573 300 4623 ιιι.
315 4570 355 4620 16.’
842 4579 844 4583 ’
