2738 5032
83 255 148 315 2⁰⁴
329 251 385 313 DE
406 250 700 313 concinionum
721 250 1034 313 suetonium.

127 409 201 483 Qus
214 410 248 470 in
261 410 402 471 Consiliis
417 411 833 481 (Bromius-decernuntur,
845 411 996 479 diversam,
1008 429 1061 488 pro
1074 418 1170 468 rernm
1183 407 1272 466 raris·

82 518 151 577 tate,
165 509 293 567 obtinent
305 508 508 568 auctoritatem.
548 507 636 567 Ituci
655 507 848 587 definitiones,
864 527 928 582 quae
941 509 1035 566 verbis
1057 507 1185 567 maxime
1209 523 1273 582 per·

85 606 194 685 spicuis
213 616 242 663 et
254 605 430 663 solemnibus
450 607 544 663 solent
563 606 694 683 proponi,
709 605 884 663 anathemate
905 605 1072 682 plerumque
1092 613 1190 663 contra
1208 620 1273 659 seu·

83 704 221 763 tientibus
232 702 321 770 illato,
333 722 475 762 summam
489 704 593 761 habent
605 704 674 770 vim,
689 715 718 761 et
737 714 796 762 toto
815 704 920 761 manus
940 720 1059 761 assemu
1078 711 1149 759 sunt
1165 698 1273 776 excipi·

83 784 176 867 sude,
186 801 226 857 uti
240 801 347 876 exjam·
358 800 441 858 dictis
456 810 541 877 patet.
582 801 757 877 Argumenta
769 811 864 858 autem
874 811 904 857 et
916 800 1132 865 testimonia-'et
1145 797 1272 874 explica·

82 897 187 964 hones,
202 898 305 971 quibus
319 897 452 974 dogmata
463 899 591 956 roborata
604 898 783 965 exhibentur,
797 916 855 955 non
869 907 974 955 tautam
995 897 1100 954 hahent
1120 895 1271 953 auctorita·

90 1004 160 1060 tem,
172 1012 259 1066 quum
274 992 408 1051 doetrinae
422 1012 563 1052 summam
577 992 714 1051 auxilium
728 992 863 1051 divinitus
885 992 1057 1069 promissum
1079 1001 1200 1067 spectet.
1241 990 1273 1046 Si

84 1089 250 1148 (loueilium
263 1089 413 1148 anathema
432 1089 532 1147 inserat
550 1088 727 1162 detorqueuti
751 1089 904 1165 Scripture
928 1080 1123 1147 testimonium
1135 1087 1173 1143 ab
1187 1086 1272 1143 obvio

84 1204 182 1254 sensu,
197 1204 225 1244 v.
240 1205 260 1263 g
271 1206 279 1244 ι
323 1186 421 1244 “Nisi
432 1187 497 1258 quis
510 1196 623 1243 renatus
637 1185 722 1243 suerit
733 1204 770 1244 ex
784 1205 858 1259 aqua
870 1197 899 1243 et
912 1185 1021 1262 Spiritu
1034 1181 1174 1242 Sancto.'.’
1190 1185 1238 1231 *³
1248 1185 1274 1231 -*

84 1280 185 1340 “lloc
209 1294 254 1340 est
267 1301 378 1358 corpus
403 1280 544 1349 meum;”·
563 1300 598 1339 ea
619 1282 774 1340 testimonii
796 1281 950 1359 explicatio
971 1281 1008 1339 sd
1029 1279 1117 1339 fidem
1138 1280 1272 1359 pertinet

83 1377 179 1450 Leges
192 1379 227 1436 de
242 1378 384 1438 Ecclesiae
394 1378 645 1447 administratione,
660 1388 689 1436 et
701 1380 785 1437 rebus
799 1380 897 1448 sacris,
914 1389 999 1437 totam
1020 1388 1153 1455 spectant
1162 1377 1275 1457 ‘Eccle-

82 1474 167 1543 siam,
182 1475 387 1546 universosque
401 1475 505 1547 ubique
520 1473 618 1533 fideles
632 1475 767 1552 obligant,
782 1485 850 1552 post
872 1460 1146 1552 promulgationem·
1155 1472 1193 1531 de
1217 1490 1274 1546 qua

83 1571 154 1630 alias
167 1570 285 1629 dicetur.
326 1571 413 1630 Plura
424 1572 532 1648 saepius
544 1572 663 1650 contigit
675 1574 774 1650 agitari
798 1573 827 1631 iu
841 1571 1048 1632 his·Oonciliis
1068 1571 1194 1647 negotiu,¹
1206 1588 1277 1647 pre·

82 1668 180 1727 sertim
194 1659 295 1726 niediis
309 1667 431 1736 seculis,
446 1667 481 1726 de
496 1668 678 1746 Imperatoris
692 1669 836 1730 Frederici
849 1668 1039 1750 depositione,
1054 1666 1090 1725 de
1113 1665 1275 1742 'l'entplttri⁴

86 1783 168 1824 orum
179 1764 357 1834 criminibus,
371 1766 407 1824 de
429 1766 504 1827 bello
519 1750 797 1842 crucesignatorum,
812 1776 841 1824 et
865 1765 901 1824 de
926 1766 1092 1832 inermibus,
1118 1762 1274 1841 presertim

84 1859 367 1929 Sanctlmouialibus,
390 1873 487 1929 contra
511 1873 669 1938 grassantes
701 1862 906 1936 sevientesque
931 1862 1080 1921 hereticos
1105 1861 1275 1937 Albigensea

84 1956 224 2041 tutandis.¹
261 1957 334 2016 Haec
348 1959 458 2032 aliaque
473 1958 595 2036 plurima
613 1958 789 2035 hujusmodi,
804 1960 892 2018 veluti
905 1960 936 2018 in
956 1959 1080 2019 comitiis
1095 1957 1274 2036 generalibus

85 2054 262 2133 Reipublicae
277 2056 448 2114 Christiane
463 2064 585 2126 uacus,
600 2077 616 2114 a
629 2075 742 2115 summa
761 2057 829 2115 ildei
842 2068 909 2116 sunt
921 2057 1041 2119 omnino
1054 2055 1275 2134 distinguenda:
1295 2063 1298 2069 '

84 2164 113 2211 et
123 2152 158 2212 de
172 2154 208 2211 iis
219 2152 414 2233 judicandum,
431 2164 590 2232 temporum
604 2166 632 2213 et
645 2154 949 2235 adjunctorumhabita
962 2155 1097 2213 ratione.²
1115 2188 1119 2196 ·
1194 2182 1198 2187 ·

125 2250 274 2310 Concmu
288 2252 514 2320 Pnovrucrsuu,
528 2272 591 2331 quae
605 2255 715 2313 scilicet
728 2265 857 2314 coustant
876 2255 961 2313 nnius
976 2254 1130 2331 provinciae
1145 2252 1276 2312 Ecclesi-

83 2348 179 2406 astice
194 2350 372 2425 presulibus,
393 2351 590 2429 congreganda
603 2353 671 2411 olim
687 2364 766 2411 erant
785 2352 970 2430 his-singulis
991 2344 1108 2420 auni'st⁵¹
1130 2347 1184 2417 sed
1210 2351 1291 2410 'l'ri-'

49 2434 52 2441 ’
84 2440 200 2499 (lentina
223 2444 271 2501 lex
295 2463 329 2501 ea
353 2445 480 2516 quolibet
498 2447 598 2504 saltem
629 2449 750 2511 triennio
770 2447 962 2506 coadunanda
988 2447 1283 2524 tantnm.praecipit.⁸-

85 2538 180 2597 Penes
194 2539 418 2618 Metropolitum,
433 2543 461 2599 vi
476 2544 521 2601 sui
534 2546 661 2602 muneris
675 2546 821 2622 praecipui,
832 2558 876 2604 est
884 2546 1061 2609 convocandi
1071 2548 1131 2624 jus.
1172 2544 1278 2603 Senior

84 2634 250 2713 Episcopus
264 2637 469 2714 suffraganeus,
480 2639 618 2716 impedito
633 2641 826 2719 Metropolita,
836 2654 931 2720 potest
942 2644 1109 2703 triennalem
1123 2642 1278 2710 illamoon-
1295 2638 1300 2645 “

84 2734 263 2802 vocationem
277 2734 379 2794 iacere.
421 2736 530 2797 Omnes
545 2737 704 2799 Provincia
719 2740 875 2820 Praesules,
887 2742 937 2815 qui
947 2741 1148 2823 jurisdictione
1157 2740 1279 2817 pollent,

84 2831 262 2913 convocangli
273 2842 358 2901 sunt;
373 2842 402 2890 et
415 2835 566 2892 convenire
581 2837 676 2893 stricta
689 2837 752 2917 lege
767 2847 907 2906 tenentur,
922 2839 980 2896 nisi
993 2838 1073 2916 gravi
1086 2836 1281 2915 impediantur

84 2948 181 2997 causa,
194 2928 230 2987 de
242 2949 298 3002 qua
309 2929 472 2990 Concilium
483 2931 577 3009 ipsum
588 2920 745 3010 cognoscit,
755 2934 831 3008 quod
840 2930 962 2993 fraterno
974 2937 1282 2997 consortio-,absentem

85 3024 196 3100 privat:
218 3033 238 3060 ‘⁶
248 3034 339 3098 usque
360 3025 394 3083 ad
415 3026 539 3086 futurum
552 3028 707 3088 concilium
721 3040 899 3089 cunctorum.
914 3028 1120 3108 episcoporum
1134 3031 1285 3103 charitatis·

85 3121 288 3179 communione
299 3123 447 3198 privetur.⁴
475 3124 662 3201 coadjutores
672 3127 822 3205 Episcopi,
832 3129 857 3186 si
868 3129 977 3205 placeat
985 3130 1168 3198 intervenire,
1179 3131 1280 3191 sedent

86 3216 333 3295 iuter{Episcopos
343 3219 535 3278 Provinciales
545 3221 610 3280 loco
619 3241 680 3282 suae
690 3226 957 3299 promotionisz⁵alii
969 3226 1122 3304 Episcopi,
1128 3228 1207 3289 nulli
1216 3229 1279 3288 Mo·

25 3326 27 3331 ’
64 3358 67 3365 -
86 3312 224 3394 tropolitae
234 3317 364 3394 subjecti,
375 3316 789 3399 tenenturTridentinalegead
798 3324 960 3400 eligendum
971 3325 1188 3401 Metropolitum
1197 3304 1280 3404 cnjus¹

87 3414 228 3474 Consiliis
244 3415 382 3483 intersint,
398 3434 519 3488 quorum
533 3414 645 3476 decreta
660 3419 717 3478 vim
737 3421 865 3480 obtinent
878 3423 908 3481 iu
930 3423 997 3481 suis.
1014 3402 1198 3494 diaeoesihm
1224 3444 1281 3495 ma

86 3523 173 3571 uente
188 3512 281 3586 quoad
292 3524 398 3570 .caetera
416 3515 609 3592 exemptione.
651 3517 737 3575 Facta
750 3519 840 3578 semel
859 3519 998 3583 electione
1012 3521 1152 3580 nonlicet
1172 3530 1281 3582 mutare

121 3754 158 3815 (l)
170 3754 341 3808 “'l'hcchurch
354 3759 401 3808 had
414 3760 445 3809 its
457 3762 566 3815 councils
577 3780 605 3812 or
614 3760 786 3815 consocu'lions
795 3765 825 3835 oi
830 3767 871 3819 the
882 3766 975 3833 clergy,
986 3766 1067 3818 which
1080 3768 1176 3820 iormctl
1189 3754 1233 3821 the
1242 3789 1281 3823 nu

87 3837 153 3888 lions
164 3838 299 3906 professing
312 3842 474 3908 Christianity
487 3845 563 3894 into'a
576 3848 711 3896 connexion
723 3848 873 3916 resembling
884 3869 898 3900 a
917 3852 1008 3915 federel
1020 3854 1133 3908 alliunce,
1145 3856 1196 3905 und
1212 3857 1280 3907 those

88 3920 199 3971 councils
210 3924 350 3974 sometimes
362 3928 448 3975 settled
460 3924 501 3976 the
513 3929 577 3977 titios
595 3931 643 3980 and
655 3916 743 3997 claime
754 3933 784 3982 of
795 3918 899 3997 plinces,
911 3937 958 3984 and
968 3938 1093 4002 reguiutetl
1105 3918 1148 3988 the
1160 3922 1280 4005 temporal

87 4001 171 4053 affairs
183 4002 212 4051 of
223 4004 265 4052 the
275 4005 400 4057 Christian
414 4026 515 4072 powers.
548 4011 603 4060 The
615 4013 778 4081 confederacy
790 4017 820 4065 oi
831 4017 872 4066 the
883 4017 1014 4083 Christian¹
1027 4022 1125 4080 natione
1136 4038 1190 4073 was
1200 4023 1280 4073 bound

88 4087 199 4152 together
211 4089 263 4151 hya
274 4106 344 4140 sense
358 4093 387 4141 of
398 4110 512 4143 common
530 4096 593 4160 duty
612 4099 661 4147 and
675 4099 778 4151 interest
788 4102 814 4151 in
828 4104 957 4165 'respectio
968 4104 1010 4153 the
1026 4113 1077 4155 rest
1093 4105 1124 4154 of
1135 4104 1281 4157 mankind.”

87 4170 284 4221 Commentarios
291 4190 321 4221 on
332 4176 464 4226 American
472 4178 541 4237 Law,
549 4180 580 4244 hy
588 4179 674 4237 Jamcs
682 4183 755 4244 Kent,
762 4185 825 4235 Now
833 4185 913 4245 Yorlt,
921 4185 991 4247 1836,
998 4195 1053 4253 part
1060 4190 1082 4249 l,
1089 4190 1146 4240 leot,
1155 4193 1171 4241 i.
1180 4209 1204 4256 p.
1214 4194 1237 4253 9,
1242 4192 1278 4241 10.

121 4254 244 4317 (sicne,
256 4253 312 4304 uie.
323 4258 385 4306 ean.
397 4277 417 4308 v.
435 4261 519 4315 natue
530 4264 607 4313 eone.
619 4264 711 4315 neas.
1170 4254 1172 4258 ⁴

123 4339 160 4400 (3)
172 4339 237 4405 Seps.
248 4340 313 4389 xxiv.
325 4341 354 4389 dc
366 4341 420 4392 Ref.
432 4361 452 4393 c.
464 4345 487 4394 2.

122 4422 159 4487 (4)
171 4424 199 4474 C.
210 4425 232 4475 si
243 4424 298 4489 quis
309 4424 628 4490 episcoporumlldist.18.
660 4391 664 4399 ι
826 4496 829 4501 1

114 4508 153 4569 (5)
165 4507 190 4557 S.
200 4507 277 4574 Cong.
291 4508 340 4558 itit.
351 4507 385 4558 2⁰
392 4509 458 4575 Sept.
467 4512 537 4573 1596,
550 4519 614 4581 apud
624 4507 745 4578 Ferraris,
755 4520 829 4581 Voce,
838 4522 981 4591 Coadjutor,
993 4541 1017 4574 ιι.
1029 4525 1068 4582 65.
1177 4560 1180 4567 ·
