2768 5032
354 244 590 337 otc-smnus
612 273 657 334 m
678 269 781 334 sons
801 258 1013 335 accessis.
1210 272 1270 331 ars

90 431 232 509 praecipit,
250 431 381 495 Christus
395 434 501 511 quippe
515 419 587 493 dixit
600 440 619 470 ‘⁸
629 431 679 506 qui
692 450 744 491 vos
757 429 834 491 audit
853 449 899 490 me
913 430 1009 491 audita
1030 430 1081 506 qui
1094 429 1269 507 scsspemit

91 544 142 584 me
154 530 272 605 spernit,
286 541 315 589 et
327 531 377 605 qui
387 546 434 588 me
446 532 563 608 spernit,
577 529 686 608 spernit
698 544 762 587 eum
777 529 826 601 qui
840 528 918 587 misit
926 527 1018 587 me.''¹

121 624 205 704 -0oj.
220 630 249 686 7.
280 626 406 685 Heresis
430 626 466 686 de
491 646 546 701 qua
563 628 716 700 loquuntur
740 625 811 683 sacri
836 625 987 702 scriptores
1010 634 1055 684 est
1075 632 1153 684 er'ror
1174 633 1271 683 contra

97 719 245 799 Christum
257 716 362 792 Deum,
377 708 422 782 vel
436 724 506 782 alius
521 734 595 783 certe
609 722 801 803 gravissimus.
839 721 994 781 llaereticos
1005 720 1167 799 hujusmodi
1175 720 1271 799 appel·

94 817 137 876 lat
147 819 309 898 nscgiatroa
319 804 463 880 mendacii
473 820 525 898 qui
533 820 723 881 introducent
733 818 824 878 sectae
832 817 1018 903 perditionis,
1029 825 1056 877 ct
1064 835 1130 877 eum
1140 817 1193 895 qui
1200 817 1271 891 enit

94 931 144 972 eos
158 913 324 976 Dominum
336 917 691 995 negant,·'·euperducentes
705 913 893 974 sibi-celerem
898 912 1116 993 perditionem.¹¹

79 1048 81 1055 ι
136 1010 228 1092 Reap,
248 1014 354 1086 Utique
380 1015 451 1093 sacri
476 1012 634 1091 Scriptores
653 1010 688 1071 de
711 1012 758 1084 iis·
772 1011 914 1071 disserunt
939 1011 1098 1070 heresibus
1123 1029 1186 1084 que
1208 1011 1269 1089 jam

97 1110 218 1185 grassari
232 1121 380 1191 ceperant,
400 1111 443 1168 hae
458 1121 551 1173 tamen
574 1129 632 1177 non
645 1118 751 1168 tantum
767 1107 883 1166 Christo
897 1107 960 1165 Deo
974 1106 1199 1173 adversabantur,
1219 1104 1271 1177 sed

97 1206 161 1264 'eliis
173 1207 258 1266 etiam
272 1208 339 1266 fidei
350 1209 527 1266 veritatibus:
551 1204 742 1290 Hymenaeum
756 1206 832 1263 enim
847 1216 875 1262 et
886 1201 1271 1276 Philetum,dicentes!,resur·

54 1348 57 1355 .
98 1304 252 1363 rectionem
258 1306 318 1382 jam
328 1323 392 1363 esse
403 1305 514 1372 saetam,
524 1325 540 1363 a
551 1305 665 1370 veritate
676 1300 827 1371 excidisse,
837 1312 865 1365 et
874 1301 958 1360 fidem
974 1300 1090 1360 aliorum
1101 1301 1272 1370 subvertisse

101 1387 183 1459 tradit
209 1402 387 1479 Apostolus.⁸
436 1401 677 1478 Hymenoeumet
700 1400 892 1468 Alexandrum
920 1398 1068 1476 naufragos
1089 1399 1163 1457 eirea
1186 1396 1272 1458 fidem

100 1499 211 1568 Satanee
232 1500 430 1563 se-tradidisse
451 1508 575 1567 testatur,
589 1499 684 1557 forsan
703 1498 877 1556 anathemate
901 1495 1093 1574 percutiendo,
1107 1505 1139 1555 ut
1162 1516 1179 1554 a
1199 1495 1272 1553 blas·

60 1583 63 1590 ⁴
101 1596 228 1673 phemiis
244 1597 355 1656 taudem
367 1594 516 1670 aliqnando
530 1613 593 1653 sess
607 1595 802 1655 abstinerent.⁴
841 1603 860 1630 ‘⁶
872 1594 973 1653 Omnis
986 1593 1034 1667 qni
1049 1592 1162 1663 recedit,
1174 1601 1203 1651 et
1216 1610 1296 1663 nou¹

99 1695 287 1768 permanetin
301 1693 426 1762 doctrina
441 1692 559 1761 Christi,
574 1690 668 1750 Deum
683 1709 741 1748 non
754 1688 862 1748 habet.s
928 1712 945 1749 .·
979 1745 983 1753 ,

87 1774 106 1843 s
143 1789 253 1870 Olpe.
275 1786 406 1851 Alienum
420 1803 490 1853 esta
503 1790 599 1854 divina
612 1791 714 1868 pietate
727 1798 770 1848 tot
783 1788 891 1847 Christi
900 1778 1020 1847 cultores
1034 1790 1070 1847 ob
1084 1804 1191 1848 errores
1200 1789 1275 1848 circa

101 1905 147 1944 res
161 1889 278 1946 minoris
292 1890 428 1947 momenti
444 1888 555 1947 aeternis
572 1889 731 1965 mancipare
745 1886 904 1963 suppliciis.

109 1996 113 2008 “
139 1984 227 2061 Resp.
250 1985 336 2043 Nulla
350 1985 475 2043 doctrina
488 1985 650 2044 solemniter
663 1986 697 2045 ab
711 1984 842 2042 Ecclesia
852 1983 977 2051 definita,
986 1992 1015 2041 et
1027 1983 1182 2059 proposita,
1194 1983 1274 2059 parri

100 2081 162 2139 fieri
177 2090 279 2155 potest,
294 2099 358 2140 nam
373 2081 452 2137 Deus
468 2080 576 2153 inquitz
599 2081 694 2157 “Ego
708 2100 771 2146 sum
785 2080 928 2141 Dominus
949 2079 1029 2137 Deus
1050 2088 1116 2136 tuus
1128 2078 1276 2137 docens'te

99 2174 227 2233 utilia.”⁰
279 2174 421 2247 Quicquid
449 2175 529 2233 Deus
553 2176 717 2254 revelaverit
737 2177 884 2234 utilitatem
910 2195 978 2236 sane
1012 2193 1144 2252 magnam
1175 2175 1275 2233 habeat

98 2281 217 2329 necesse
229 2280 281 2337 est,
294 2271 393 2343 saltem
408 2271 514 2329 ratione
528 2270 623 2328 habita
635 2260 796 2329 ceterarum
806 2272 952 2331 veritatum
967 2270 1275 2344 quibuscum,indisso·

97 2369 179 2428 lubili
206 2368 291 2426 veluti
313 2367 398 2438 neiru,
413 2370 603 2446 conjungitur,
641 2368 744 2427 Totam
762 2367 884 2442 'quidem
911 2352 1110 2429 revelationem
1138 2371 1273 2429 incertam
1320 2350 1324 2357 r

99 2464 200 2533 reddit,
216 2464 264 2537 qui
277 2453 368 2542 ipsam
380 2461 570 2524 auctoritatem
582 2482 637 2538 qua
646 2466 797 2533 innotescit
808 2468 839 2551 in
853 2467 1037 2540 questionem
1048 2477 1136 2543 vocat,
1152 2468 1274 2543 aliquam

100 2563 254 2621 doctrinam
269 2562 442 2640 denegando.
480 2563 626 2623 'si·.1ieeat
645 2563 748 2642 dogma
772 2583 859 2623 unum
881 2564 1030 2642 denegare,
1053 2579 1154 2627 caetera
1180 2567 1276 2625 omnia

100 2662 216 2738 impune
230 2651 323 2720 etiam
337 2652 554 2738 denegabuntur,
569 2680 638 2718 nam
651 2660 687 2718 de
708 2661 771 2719 Dec
791 2661 931 2735 reuelante
955 2672 1013 2719 nou
1026 2673 1135 2720 constat
1156 2663 1212 2719 uisi
1225 2680 1277 2738 per

100 2759 272 2825 Ecclesiam,
287 2778 350 2832 quae
375 2759 467 2817 uobis'
483 2758 619 2815 veritates·
634 2757 796 2818 credendas,
820 2758 961 2834 proponit.
1001 2760 1029 2815 A
1054 2757 1151 2816 diviua
1173 2759 1276 2835 pietate

97 2854 224 2914 <alienum
246 2874 303 2913 non
318 2865 370 2922 est,
384 2873 449 2912 eum
465 2854 514 2926 qui
528 2854 702 2929 preconibus
716 2853 783 2910 fidei
804 2853 980 2935 pertinaciter
990 2838 1110 2911 ⁴recusat
1135 2854 1274 2921 assentiri,

101 2953 243 3021 damnare,
258 2973 321 3010 curn
333 2952 456 3011 diuinam
469 2952 551 3028 plane
566 2951 720 3027 spematin
735 2951 770 3009 iis
783 2950 978 3008 auctoritatem
985 2969 992 3007 ε
1016 2951 1154 3023 “quivos
1169 2952 1277 3028 speruit

56 3044 59 3049 ’
99 3068 147 3108 me
161 3049 313 3126 speruit.’'⁷
352 3048 505 3125 Apostolus
519 3067 587 3105 sane
600 3047 637 3104 de
657 3028 787 3105 omnibus
809 3048 936 3123 quinon
960 3047 1095 3109 obediunt
1118 3048 1276 3125 Evangelio

99 3146 154 3207 ait:
178 3156 198 3182 ‘⁶
208 3165 302 3222 paenas
316 3145 421 3204 dabunt
435 3148 463 3203 in
477 3146 589 3203 interitu
605 3143 770 3202 aeoernas.’'⁸
868 3162 875 3199 ·.

144 3241 210 3321 obj.
225 3247 253 3301 9.
269 3242 354 3300 Vetat
366 3243 484 3300 charitas
498 3261 534 3299 ne
549 3241 618 3318 alios
632 3241 804 3301 damnandos
819 3242 1024 3319 praedicemus„

122 3386 125 3390 »
141 3339 228 3419 Reap.
252 3341 280 3399 N
283 3341 344 3399 obis
361 3341 409 3417 jus
423 3351 480 3403 no'n
494 3348 537 3396 est
550 3340 683 3423 aliquem,
698 3341 811 3398 arbitrio
823 3341 907 3398 veluti
921 3350 1027 3407 nostro,
1042 3339 1203 3407 damnandi,
1224 3357 1276 3397 nec

100 3437 278 3496 conditiones
298 3421 417 3495 st'stuere
438 3436 545 3503 salutis,
567 3435 617 3495 sed
638 3455 700 3508 quae
722 3436 801 3494 Deus
822 3436 946 3494 decrevit
965 3436 1108 3493 humiliter
1121 3434 1276 3504 addiscere,

98 3533 220 3605 aliisque
235 3534 406 3591 annuntiare.
420 3568 425 3574 -
457 3531 557 3590 Fidem
571 3530 608 3588 ad
619 3532 738 3612 salutem
751 3532 866 3603 requiri,
883 3531 914 3588 S.
931 3532 1019 3588 Paulo
1033 3531 1161 3598 docente,
1178 3529 1277 3596 didici·

92 3650 177 3706 mus,
192 3632 252 3689 sine
266 3631 322 3688 fide
336 3642 429 3688 autem
443 3629 618 3706 impossibile
631 3639 675 3686 est
688 3628 798 3705 placere
813 3629 900 3695 Deo,⁹
914 3641 1031 3699 casuque
1042 3647 1106 3687 esse
1118 3628 1276 3692 intellectus

76 3807 81 3812 .
99 3720 290 3805 captivitatem
304 3729 332 3787 in
344 3726 452 3795 Christi
461 3711 639 3797 obsequium,
651 3724 751 3785 eodem
764 3720 908 3802 magistro,
920 3723 1070 3783 novimus..
1102 3723 1184 3793 Dum
1193 3726 1280 3804 igitur

443 3928 450 3965 -“
486 3940 521 4001 (1)
537 3924 632 3999 tues.
647 3939 684 3988 1e.

313 4008 328 4041 ²
486 4022 785 4086 (2)11Pat.ii.1.-.

483 4106 520 4168 (a)
538 4106 565 4155 11
575 4100 679 4158 nomn.
689 4123 711 4156 v.
725 4107 761 4157 n.

485 4191 521 4253 (q
540 4189 712 4239 l'rim'als.

485 4276 521 4335 (5)
539 4273 575 4321 11.
586 4258 687 4321 seina.
698 4273 722 4320 a.

482 4338 741 4425 mmmm

483 4438 520 4500 (τ)
539 4437 567 4486 11
578 4437 748 4486 numia·-

485 4521 521 4582 (8)
537 4519 630 4570 Lunx.
642 4521 680 4568 16.
785 4522 789 4528 ’
846 4529 850 4538 ’

487 4606 524 4665 (9)
542 4603 603 4655 Heb.
616 4603 648 4652 xi.
660 4602 681 4652 6.
836 4664 839 4669 ι
918 4594 922 4603 ’
