2768 5032
456 234 511 295 ns
533 233 731 295 narrans
752 200 986 299 benacan(
1247 240 1309 299 ιιι·
1379 306 1383 313 ,

120 395 240 471 accepit,
263 392 500 466 quemadmodum
523 396 558 453 (le
582 414 635 452 suo
658 396 770 453 arbitrio
790 412 830 455 ss
844 396 1008 475 'pomposuit
1031 400 1078 456 iiie
1103 401 1150 472 qui
1176 399 1297 459 tradidit.

119 490 258 567 Agnoscit
272 502 395 549 naturam
412 510 502 573 suam,
514 505 543 550 et
556 492 672 568 originis
686 504 745 550 sus
760 508 868 555 motem
876 492 1021 571 proiectus
1034 496 1084 553 rei.
1126 495 1205 553 idem
1220 496 1300 553 licuit

129 585 331 647 Valentinianis
348 589 423 661 quod
438 589 685 671 Valsrrtiuo,idem
701 590 877 651 Marcionitis
890 592 966 664 quod
982 593 1130 660 diarcioni,
1141 593 1175 651 de
1188 594 1300 652 arbitrio

121 700 175 741 suo
190 684 274 749 iidem
290 686 470 743 innovarem
1238 742 1242 747 .
1277 667 1282 673 ο

160 780 198 841 Iu
212 780 293 849 celtu
303 792 332 861 et
352 774 549 857 Sacramentts
563 783 700 843 arillae-st
715 785 765 844 cis
786 785 911 843 sanitatis
925 785 1090 847 servande:
1112 797 1176 844 rrarn
1190 805 1224 843 ea
1238 786 1297 846 vin·

120 879 227 939 dicatur
252 864 366 941 cuilibet
392 883 527 940 Ecclesiae
549 884 576 940 ia
601 885 698 952 ritibus
720 887 873 941 statuendis
897 887 1016 947 licentia,
1039 905 1101 958 qtrae
1127 886 1296 943 novitatibus
1361 930 1368 985 ,ί

120 974 287 1036 inducendis
301 992 345 1037 est
358 984 480 1039 maxime
496 982 619 1055 idonea.¹
659 983 700 1039 tte
715 980 830 1054 quidem
846 1001 909 1045 vera
927 983 1137 1058 Episcupaiiani
1158 995 1297 1041 nostrates

121 1075 152 1133 io
165 1077 305 1152 'baptismi
325 1079 563 1137 administratione
584 1074 714 1155 omittrmt
735 1080 896 1158 singiliatim
921 1083 1088 1157 interrogare
1108 1081 1144 1138 de
1163 1083 1296 1157 Symir'oii
1368 1072 1369 1146 J

121 1173 254 1239 articulis,
271 1188 361 1233 utrum
376 1177 483 1233 scilicet
495 1176 589 1233 credat
606 1158 788 1251 baptizandus
803 1179 831 1235 iu
848 1178 968 1249 Patrem.
985 1160 1100 1242 Filium,
1115 1190 1143 1234 et
1157 1172 1295 1252 Spiritum
1367 1158 1368 1165 ι

121 1268 265 1336 Sanctum,
290 1272 424 1331 Sartctam·
446 1268 603 1347 Ecclesiam
624 1274 811 1333 Catiroiicam.
838 1260 1033 1341 remissionem
1059 1286 1246 1350 peccatorum,
1268 1284 1297 1332 e't

120 1376 238 1449 cetera:
260 1368 408 1426 substituta
428 1366 642 1446 interrogatione
663 1363 802 1446 generali:
818 1384 919 1429 utrum
939 1383 1030 1429 teneat
1049 1390 1149 1453 omvres
1164 1371 1296 1455 articulos

121 1462 190 1543 fidei
210 1464 379 1529 Christiana
404 1479 486 1543 prout
512 1468 539 1526 in
564 1468 712 1545 Syutboio'
726 1469 891 1544 Apostolico
916 1471 1118 1527 continentur.3
1150 1469 1295 1536 {Quamvis
1379 1454 1384 1488 ι

120 1559 182 1619 hec
195 1563 311 1631 mntatjo
326 1564 552 1641 parvi-momenti
568 1554 658 1640 possit
668 1565 797 1637 cuiquam
811 1565 908 1632 videri,
921 1576 957 1625 eis
976 1566 1111 1624 industria
1125 1565 1198 1625 sacta
1208 1564 1297 1639 quum

120 1657 335 1743 sit,pericuium
357 1663 499 1738 praesefert
520 1682 555 1720 ne
571 1663 676 1719 sensim
692 1663 753 1719 sine
767 1670 853 1719 sensu
867 1683 884 1719 a
898 1664 1021 1738 pluribus
1038 1662 1102 1721 fidei
1117 1664 1294 1741 dogmatibus
1319 1664 1322 1669 ’

119 1754 268 1816 recedendi
280 1771 420 1830 quaeratur
433 1760 554 1817 occasio.
567 1800 574 1812 .
595 1758 678 1826 Quod
693 1763 759 1818 verb
772 1758 805 1815 ad
821 1777 880 1817 rem
898 1760 987 1835 magis
1002 1760 1075 1824 iacit,
1085 1762 1120 1818 ιιι
1135 1762 1294 1823 visitatione

120 1842 285 1929 egrotorum
305 1856 374 1913 olim
395 1855 471 1933 apud
490 1857 662 1931 Anglicauos
682 1856 876 1931 praescriptum
896 1867 940 1912 est
960 1856 1294 1933 ut·minister.cegrotam

118 1948 274 2010 hortaretur
287 1952 320 2010 ad
336 1942 491 2029 specialem*
502 1964 678 2030 peccatorum
693 1952 900 2037 consessionem
920 1952 1117 2029 peragendam,
1132 1954 1215 2026 eique
1229 1970 1296 2011 con·

117 2038 192 2125 fesso
203 2050 408 2109 absolutionem
421 2052 580 2109 auctoritate
592 2052 645 2107 sibi
657 2071 673 2108 a
685 2050 800 2107 Christo
813 2051 964 2107 commissa
979 2038 1195 2125 impeitireturt⁴
1209 2069 1295 2122 quam

118 2144 282 2205 absolvendi
300 2157 464 2227 potestatem
487 2148 624 2210 Ecclesia
639 2147 775 2225 denegare
796 2158 881 2213 esset,
903 2160 972 2205 teste
994 2148 1159 2214 Pearsouio,
1178 2149 1293 2209 haeresis

118 2241 294 2302 Novatiani.⁵
325 2246 395 2303 lam
418 2252 483 2306 verb
505 2265 617 2303 omnem
643 2247 813 2303 mentionem
836 2246 1033 2313 confessionis,
1052 2257 1080 2304 et
1098 2247 1294 2315 absolutionis

118 2337 441 2401 Riiualedmericsnum
456 2342 696 2418 prorsusomittit
787 2340 790 2345 ’
1373 2324 1375 2329 ’

152 2439 250 2506 Quom
267 2440 450 2499 Methodistae
470 2440 705 2517 Episcopalianos
728 2436 879 2503 imitentur,
893 2438 1028 2515 Baptista
1043 2444 1108 2498 verb
1122 2450 1151 2497 ct
1170 2438 1295 2521 Presby-

117 2530 224 2594 ιιιιιιιι
228 2536 332 2594 ιιιιιιιιιι
347 2537 404 2594 fere
419 2536 538 2595 habeant
551 2534 667 2593 sormam
680 2535 780 2601 cultus,
793 2533 856 2591 sed
853 2535 990 2610 pleraque
1005 2553 1165 2610 praeconum
1181 2534 1295 2610 permit·

118 2632 171 2692 tant
184 2634 310 2715 arbitrio,
325 2635 380 2707 qui·
394 2635 537 2708 orationes
554 2632 680 2699 invadere,
697 2633 795 2709 legere
815 2633 976 2708 scripturas,
998 2634 1122 2708 hymnos
1140 2644 1249 2698 canere}
1265 2641 1294 2688 et

116 2734 266 2790 naciones
287 2731 377 2788 iacere
401 2723 451 2807 pr'o
471 2730 618 2788 occasione
641 2728 752 2796 debent,
773 2729 862 2800 liquet
880 2727 948 2785 fidei
969 2728 1103 2785 unitatem
1125 2729 1154 2785 in
1169 2727 1251 2787 ,cultu
1265 2736 1295 2783 et

114 2812 350 2889 aeramentorum
366 2827 604 2885 administratione
619 2824 726 2883 nullum
741 2823 815 2900 apud
830 2826 919 2891 sectas
934 2824 1035 2880 habere
1050 2821 1222 2898 praesidium.
1277 2884 1293 2893 ,Ι

133 2922 282 2985 Nullum
302 2933 343 2982 est
357 2920 540 3002 principiam
560 2920 641 3000 opud
656 2919 756 2978 Seciae
775 2938 831 2996 quo
852 2918 885 2977 in
906 2919 1050 2996 regimine
1070 2916 1183 2976 servari
1197 2918 1295 2994 possit

105 3025 225 3090 satias,
243 3023 286 3080 vei
308 3023 396 3082 foveri
410 3016 488 3080 sacra
502 3040 565 3079 cum
582 3019 690 3077 Christi
711 3017 838 3077 fidelibus
854 3036 904 3093 per
917 3018 1012 3075 orbem
1027 3017 1210 3079 communio:-
1228 3036 1311 3075 nam·

100 3124 188 3182 nulla
201 3131 247 3179 est
261 3121 419 3178 communis
435 3119 582 3177 auctoritas
597 3136 652 3190 qua
665 3126 820 3185 teneantur.
853 3100 986 3175 ,Comitia
1001 3115 1149 3192 Generalis
1165 3114 1293 3173 in'Ame-

94 3216 165 3279 rica
175 3211 275 3279 nulio
272 3217 440 3274 auctoritatis
455 3215 588 3291 ligamine
603 3230 679 3271 cum·
676 3211 858 3270 calvinianis
874 3211 977 3277 Sentis,
992 3211 1103 3286 singlis,
1118 3208 1294 3269 Geneveusi·

93 3305 160 3375 bus
176 3314 397 3403 conjunguntur,
412 3310 461 3399 sed
483 3310 570 3379 sola
564 3309 717 3369 imitatione
738 3306 893 3384 regiminis,
909 3318 937 3363 st
950 3306 1083 3369 doctrine
1095 3303 1327 3369 similitudine,

90 3408 240 3480 plurima
254 3398 402 3527 capitibus,
414 3406 584 3505 quoeodirim
599 3406 720 3535 paritura
733 3398 838 3469 forent,
845 3401 983 3469 ιιιιιιιιιι,θ
992 3420 1024 3459 se
1036 3401 1131 3481 iratres
1146 3398 1297 3463 exhibent

136 3653 163 3714 (1
167 3656 178 3713 )
151 3640 264 3701 l'l'ert
275 3650 291 3699 l.
303 3649 332 3701 de
345 3665 442 3714 praescr
453 3665 473 3697 c.
485 3620 523 3695 49.

110 3732 177 3796 (9)
194 3735 250 3783 Αιι.
260 3733 341 3801 xxciv.

136 3819 177 3882 (3)
195 3817 283 3867 Public
293 3817 399 3880 baptism
409 3815 439 3880 οι
451 3813 556 3863 infanta

134 3906 174 3967 (4)
182 3900 326 3952 Visitation
339 3901 368 3951 of
379 3901 420 3951 the
431 3899 492 3948 sicis.
525 3895 613 3945 “Here
624 3877 687 3945 shall
703 3894 748 3943 the·
755 3852 817 3942 sich
807 3906 907 3955 person
917 3892 947 3941 be
951 3864 1043 3940 mdved
1056 3896 1081 3939 ιο
1091 3858 1165 3939 make
1176 3908 1191 3939 a
1201 3892 1292 3965 special

91 3988 244 4041 confession
263 3986 293 4034 oi
308 3986 345 4032 bis
362 3985 420 4032 sins.
436 3985 451 4016 ι
468 3985 496 4017 ⁸-
499 3982 514 4027 ι
531 3982 602 4031 Alter
619 3979 699 4056 which
715 3974 852 4026 confession
871 3976 912 4025 the
929 3975 1010 4024 Prisst
1027 3973 1090 4023 shall
1110 3974 1206 4033 absolve
1226 3975 1292 4025 irim·

88 4066 166 4123 ιΟιιι
179 4070 246 4121 Lord
257 4067 331 4117 Jesus
341 4067 432 4123 Christ,
441 4065 496 4115 who
509 4064 569 4115 both
587 4061 634 4112 leit
646 4048 726 4124 povicr
737 4069 762 4108 to
774 4060 812 4108 his
822 4059 922 4108 Ghurch
934 4065 959 4107 te
970 4048 1065 4106 absolvo
1077 4056 1144 4105 ιιι
1125 4073 1221 4106 ssnners
1236 4058 1291 4106 who

90 4150 168 4219 troly
181 4160 269 4216 repent
280 4151 327 4199 and
339 4148 446 4207 believe
440 4164 466 4196 vn
478 4147 537 4205 bitn,
548 4145 577 4194 οι
588 4144 627 4193 his
638 4151 708 4209 great
719 4157 810 4209 mercy
815 4141 907 4206 forgive
917 4141 973 4189 thes
984 4140 1028 4213 thy
1039 4133 1152 4188 offences
1181 4140 1242 4190 And
1259 4134 1291 4204 by

90 4224 141 4287 hia
152 4233 289 4297 authority,
300 4231 441 4281 committed
453 4236 477 4279 to
490 4244 535 4287 mc,
548 4214 672 4277 [absolve
679 4226 736 4277 thes
746 4225 808 4274 from
820 4225 853 4274 all
863 4225 938 4288 thy
919 4223 1002 4301 arnsl'
1004 4220 1136 4303 'Oxford
1148 4222 1185 4272 ed.
1198 4222 1268 4271 1835
1336 4234 1338 4241 “

82 4326 87 4331 “
133 4321 171 4381 (5)
190 4317 281 4380 Expos.
293 4325 338 4365 art.
350 4331 381 4364 ιι
393 4331 415 4377 ρ.
409 4314 481 4368 ssi,
540 4316 544 4321 '
572 4368 575 4373 ¹
653 4314 656 4319 '

127 4397 493 4466 ··(b)“'1'hsoisilmagistrate
508 4395 524 4428 ι
541 4395 555 4425 ¹
572 4392 632 4445 harh
648 4390 779 4454 authority,
791 4388 839 4438 and
855 4388 899 4436 it
892 4404 913 4439 rs
930 4387 968 4437 his
979 4388 1039 4453 duty
1051 4382 1076 4445 to
1086 4389 1144 4439 take
1155 4386 1225 4436 order
1242 4388 1257 4419 ι
1274 4389 1289 4421 ¹

90 4479 156 4541 that
167 4485 201 4535 ιιι
216 4482 379 4547 blasphemies
390 4481 438 4531 and
454 4466 560 4529 heresias
571 4478 601 4526 bs
611 4475 763 4540 snpprssaed,
774 4473 806 4522 all
817 4460 969 4538 corruptions
984 4470 1040 4523 end
1047 4472 1152 4522 choses
1145 4487 1171 4520 m
1182 4469 1290 4535 worship

90 4572 149 4621 lud
160 4567 293 4633 discipline
305 4565 441 4631 presented
446 4580 475 4614 or
483 4560 627 4615 miormsdff'
657 4550 834 4609 Wsetminste'r
843 4557 997 4617 confession,
1008 4557 1046 4607 cb.
1058 4556 1125 4606 x‘xiii.
1135 4553 1280 4614 biremem

227 4653 297 4712 Vos.
313 4652 419 4711 1.-as
