2738 5032
379 110 435 172 DE
457 108 679 172 EOOLESIAE
700 109 980 173 PRAESULIBUS.
1218 112 1278 173 ert

83 267 223 331 consulto
237 269 418 341 amdnuisse,
431 289 468 330 ne
482 288 583 331 omnes
597 288 671 348 pene
684 269 826 330 Ecolesioe
839 270 996 330 reformato
1010 269 1169 330 ministerio
1181 286 1277 329 carere

91 363 275 425 viderentur.²
1048 360 1053 369 ’

582 582 756 628 rnorort'rto
770 587 791 626 1.

125 745 268 823 Episcopi
283 745 318 805 ad
332 745 483 825 regendam
498 746 659 809 Ecclesiam
673 748 771 808 divino
781 750 846 827 jure
861 749 1006 809 constituti
1018 758 1097 809 sunt.

100 878 103 883 ·
132 836 295 903 Probatur.
317 845 472 922 Apostolus
493 845 680 922 Presbyteros
701 847 822 924 Epheso
842 849 993 907 accersitos
1014 847 1173 920 alloquens,
1188 846 1278 908 dixit:

88 939 270 1004 “Attendite
290 942 370 1000 vobis
392 953 420 1001 et
439 943 573 1001 universo
592 945 682 1022 gregi,
696 946 726 1004 in
748 966 804 1019 qno
826 965 876 1005 vos
898 946 1022 1024 Spiritus
1043 945 1164 1004 Sanetus
1185 947 1282 1023 posuit

90 1033 257 1113 Episcopus
282 1047 379 1114 regere
402 1038 564 1097 Ecclesiam
587 1038 690 1097 Dei.’'²
730 1040 797 1100 Vox
822 1042 924 1100 Graeca
947 1057 1081 1108 κοιμωνειν
1104 1042 1225 1116 pastoris
1250 1041 1281 1101 in

86 1150 204 1210 gregem
225 1152 322 1192 curam
343 1133 482 1212 designat,
498 1153 555 1208 qua
573 1136 749 1211 gobemandi
770 1147 896 1215 potestas
918 1137 1001 1214 plane
1021 1133 1191 1193 includitur:
1214 1153 1282 1209 qua·

50 1270 56 1279 ·
87 1240 205 1307 propter
219 1229 294 1306 apud
308 1229 469 1289 Homerum
490 1248 572 1307 reges
593 1232 764 1308 populorum
786 1243 914 1310 pastores
929 1241 1064 1290 vocantur
1077 1247 1185 1298 ποιμενες
1201 1245 1281 1294 mut

82 1334 114 1383 et
139 1327 321 1404 septuaginta
341 1326 520 1402 interpretes,
542 1327 682 1385 vocabulo
713 1327 852 1386 Hebraico
880 1342 1009 1387 accurate
1030 1324 1188 1392 studentes,
1210 1321 1281 1381 illud

88 1424 249 1509 Psalmistae
261 1424 296 1483 de
309 1425 426 1484 Christo
440 1423 620 1483 rediderunt:
641 1441 764 1496 ποιμανεις
774 1433 841 1488 toea,
852 1449 876 1479 εν
887 1431 967 1496 mitta
979 1431 1086 1496 σιδηρεω.
1109 1423 1177 1481 Vox
1188 1434 1283 1499 pasto·

86 1524 147 1583 rale
168 1526 295 1602 regimen
311 1536 375 1603 apte
389 1526 534 1603 exprimit,
550 1525 591 1582 nti
605 1523 719 1582 adnotat
732 1523 764 1580 S.
778 1521 924 1580 Hilarius:
952 1522 1158 1598 “pastoraliter
1178 1540 1280 1600 regest

85 1620 205 1698 regendi
219 1622 329 1680 scilicet
343 1641 392 1680 eos
407 1640 505 1681 curam
519 1620 622 1681 affectu
634 1620 757 1697 pastoris
770 1617 963 1677 habiturus.”³
985 1618 1151 1695 Presbyteri
1165 1619 1282 1693 quidem

92 1730 230 1778 vocantur
243 1740 258 1778 a
272 1720 361 1788 Loca,
378 1739 449 1793 quos
465 1719 572 1778 Paulos
593 1719 745 1797 episcopos
767 1717 844 1786 dicit,
860 1717 927 1792 quia
945 1715 1037 1774 adhuc
1051 1736 1107 1775 vox
1120 1725 1284 1788 Πρεσβιτερος

87 1833 154 1889 quae
170 1816 336 1894 dignitatem
350 1836 415 1875 cum
430 1827 511 1875 aetate
532 1817 711 1894 conjunctam
727 1817 877 1895 significat,
893 1815 929 1874 ad
949 1815 1095 1893 simplices
1110 1813 1282 1873 Sacerdotes

83 1911 283 1989 designandos
297 1931 357 1970 non
376 1922 420 1970 est
443 1913 605 1988 specialiter
618 1912 751 1971 adhibila.
792 1917 932 1971 Επισκοκος
944 1921 1039 1971 autem
1053 1912 1281 1988 gubernatorem,

79 2009 264 2085 praeleotum,
280 2009 402 2066 aliumve
417 2026 533 2066 munere
547 2007 653 2084 insigni
674 2008 837 2085 fungentem
859 2008 982 2078 denotat,
1000 2010 1042 2066 uti
1055 2010 1147 2082 liquet
1159 2027 1196 2067 ex
1208 2008 1284 2085 epis·

81 2116 209 2183 copatus
224 2124 293 2163 voce
308 2122 393 2178 quam
411 2103 446 2162 de
469 2104 669 2180 Achitophelis
692 2110 834 2174 munere,⁴
854 2106 982 2184 primarii
1003 2105 1157 2164 consiliarii
1179 2104 1283 2175 David,

86 2204 280 2263 adhibuerunt
293 2202 472 2281 septuaginta
486 2200 668 2278 Interpretes,
684 2203 786 2265 Petrus
801 2201 867 2262 vord
883 2203 917 2263 de
931 2203 1014 2263 tuda
1028 2203 1120 2281 ipsius
1134 2203 1284 2282 Apostolo-

89 2305 144 2361 tn.⁵
185 2301 312 2374 Utraque
337 2319 395 2358 vox
417 2299 504 2357 simul
526 2300 677 2377 conjuncta
697 2299 821 2365 ἑπισκένως
832 2302 965 2371 ποιμαίνειν
985 2282 1160 2379 gubernandi
1176 2320 1281 2361 munus

91 2399 197 2473 absque
214 2398 271 2455 olla
284 2396 465 2474 ambiguitate
480 2394 589 2455 delinit.
621 2395 706 2463 Quod
720 2399 805 2456 etiam
821 2418 858 2474 ex
871 2399 1011 2458 concione
1025 2400 1158 2476 Apostoli
1171 2400 1285 2459 robora·

92 2502 144 2561 tur',
158 2478 247 2569 dnum
261 2494 337 2552 enim
349 2512 399 2551 eos
410 2494 555 2551 monuerit
567 2512 599 2550 se
614 2494 736 2570 amplius
751 2495 902 2571 Ephesum
915 2514 972 2554 non
988 2512 1177 2562 reversurum,
1190 2497 1216 2553 si
1227 2495 1284 2571 ipsi

68 2620 72 2627 ·
93 2593 163 2653 meri
176 2584 341 2668 Presbyteri
356 2590 457 2657 forent,
473 2589 552 2647 nulla
566 2589 753 2649 ordinationis
767 2601 906 2666 potestate
928 2588 1048 2666 pradia,
1064 2590 1213 2649 manifesto
1227 2590 1285 2647 dis·

96 2688 208 2748 crimini
229 2686 364 2746 Ecclesia
383 2685 535 2762 Eplresina
553 2686 732 2762 objiceretur,
757 2686 903 2743 neminem
922 2685 1042 2752 habens,
1067 2685 1116 2759 qui
1138 2695 1283 2761 pastorum

95 2787 197 2846 seriem
220 2796 318 2864 posset
331 2784 520 2844 continuare.fl
569 2783 653 2851 Quod
678 2794 771 2841 autem
792 2783 913 2860 Epheso
927 2782 1054 2840 arcessiti
1075 2783 1187 2853 fuerint,
1203 2802 1285 2863 argu·

93 2893 189 2943 mento
203 2902 261 2941 non
275 2893 318 2940 est
329 2900 378 2940 eos
393 2881 481 2939 luisse
494 2879 679 2939 Sacerdotunn
693 2879 769 2938 illins
784 2880 925 2939 Ecclesia
937 2890 1050 2949 catum
1061 2900 1127 2940 narn
1141 2881 1176 2940 ad
1190 2881 1283 2941 varias

94 2979 171 3055 Asiae
185 2980 304 3039 minoris
318 2979 465 3038 Ecclesiae
480 2997 529 3037 eor
542 2979 712 3057 pertinuisse
727 2977 793 3037 inde
807 2978 958 3056 colligitur,
971 2978 1048 3051 quod
1062 2980 1218 3057 Apostolus
1233 2998 1284 3039 eos

96 3077 242 3151 alloquens
257 3095 289 3134 sa
303 3094 355 3152 per
367 3094 417 3134 eos
431 3075 577 3134 transiisse
598 3075 675 3144 dicit,
691 3095 742 3154 per
756 3075 919 3144 trienninm,
935 3075 1013 3148 quod
1033 3094 1091 3133 non
1106 3075 1219 3152 Ephesi
1232 3075 1285 3134 im-

94 3170 225 3250 pensum,
235 3172 287 3231 sed
297 3172 327 3230 in
338 3165 492 3250 provinciis
505 3173 589 3232 variis
603 3173 809 3249 percurrendis,
819 3192 856 3231 ex
868 3173 938 3230 actis
949 3172 1151 3248 Apostolorum
1163 3180 1282 3231 constat:
1336 3206 1345 3223 s

97 3282 117 3308 ‘⁶
130 3269 191 3330 Vos
204 3271 284 3329 scitis
299 3291 316 3328 a
335 3271 427 3346 prima
441 3269 486 3328 die
501 3289 558 3343 qua
583 3271 727 3347 ingressus
742 3289 805 3328 som
827 3271 857 3328 in
878 3270 987 3338 Asiam,
1004 3268 1123 3342 qualiter
1136 3268 1284 3330 vobiscum

94 3386 147 3447 per
159 3354 244 3428 omne
259 3378 371 3444 tempus
385 3367 498 3426 ilrerim.
520 3369 536 3404 ³*
556 3369 573 3404 ⁴*
593 3370 610 3404 ¹*
630 3367 670 3425 Et
683 3386 759 3425 nuno
773 3385 839 3425 ecce
853 3385 907 3443 ego
922 3367 993 3436 scio,
1008 3365 1074 3440 quia
1088 3365 1210 3443 amplius
1224 3386 1284 3429 noo

94 3466 225 3527 ridebitis
246 3466 348 3524 faciem
369 3484 461 3524 meam
481 3483 533 3523 vos
555 3483 665 3534 omnes,
681 3483 732 3543 per
752 3483 825 3538 quos
847 3463 963 3522 transiri
983 3462 1140 3540 praedicans
1162 3484 1283 3545 regnum

94 3567 162 3626 Dei.
185 3569 201 3604 l*
222 3569 238 3604 l
260 3568 276 3602 ³*
297 3564 417 3642 Propter
438 3564 515 3638 quod
536 3563 660 3642 vigilate,
676 3562 813 3622 memoria
831 3562 995 3632 retinentes,
1010 3562 1146 3637 quoniam
1166 3584 1218 3642 per
1237 3567 1285 3625 tri·

92 3666 211 3725 ennium
225 3674 319 3733 nocte,
333 3672 362 3720 et
381 3661 438 3730 die,
453 3667 511 3721 non
530 3663 651 3732 cessavi,
666 3679 732 3721 cum
750 3659 886 3739 lacrymis
907 3678 1028 3719 monens
1049 3679 1281 3739 unumquemque

127 3931 164 3993 (l)
179 3936 195 3960 ⁸⁴
203 3929 264 3980 Lest
273 3929 315 3979 the
326 3927 419 3992 calling
429 3926 479 3976 and
490 3926 616 3976 character
627 3926 658 3976 of
669 3927 710 3976 the
722 3926 835 3992 ministry
848 3926 874 3975 in
885 3932 950 3976 most
960 3924 991 3977 of
996 3927 1038 3977 tho
1049 3927 1169 3978 roformed
1181 3928 1284 3979 churcb·

90 4031 119 4066 cs
131 4015 214 4080 might
225 4016 255 4065 be
265 4011 433 4078 questioned.”
455 4009 528 4060 Citod
539 4011 571 4074 by
583 4010 677 4085 White,
688 4010 793 4061 Dissert.
803 4027 827 4061 x.
843 4010 874 4061 ot
886 4008 1048 4077 Episcopacy,
1059 4029 1082 4078 p.
1093 4013 1147 4064 426.
1159 4015 1196 4064 ed.
1215 4012 1284 4064 1813.

129 4098 167 4162 (2)
183 4100 240 4149 Act.
247 4115 286 4148 xx.
300 4097 339 4147 28.
854 4132 857 4136 .

128 4182 167 4246 (³)
185 4183 216 4232 In
227 4183 293 4233 Psal.
306 4182 332 4231 11.
343 4181 367 4230 9.

129 4268 167 4330 (4)
184 4267 225 4316 Ps.
236 4266 300 4316 cviii.
312 4265 335 4315 8.

131 4351 170 4412 (5)
187 4352 244 4400 Act.
255 4350 271 4399 i.
281 4349 323 4399 20.

127 4433 165 4496 (5)
182 4432 245 4482 Vide
255 4432 286 4482 de
297 4432 344 4483 hoo
354 4434 501 4497 argumento
511 4428 600 4479 Clinch
611 4443 643 4480 on
654 4426 753 4478 Church
764 4428 938 4490 Government,
950 4428 1034 4479 Lettar
1043 4426 1085 4477 vii.
1096 4443 1119 4491 p.
1130 4423 1185 4477 328.
