2738 5032
13 224 114 395 χ)
141 226 194 323 ιι
413 260 469 320 nn
491 258 711 321 sociosne
732 257 1014 320 rnnsuunus.

79 400 82 405 ⁸
121 419 179 478 reri
192 418 316 479 nominis
329 416 419 477 fnisse
439 419 537 495 liquet,
551 428 648 496 utpote
668 418 827 496 Apostolici
846 418 1028 495 episcopatus
1049 426 1207 476 consortes.
1253 413 1314 482 Qui

119 516 206 593 igitur
219 514 253 573 ad
267 533 348 574 sacra
361 534 478 574 munera
490 515 625 592 deinceps
640 516 740 582 erecti,
752 533 810 573 non
823 513 942 573 eandem
954 513 1128 591 gubernandi
1141 510 1310 572 Ecclesiam

119 622 287 690 potestatem
300 623 479 690 accepemut,
490 631 528 670 ex
539 613 629 688 ipsius
642 612 800 669 Dominicae
811 611 1006 689 dispositionis
1023 612 1137 669 veritate
1148 609 1309 686 Episcopis

119 708 280 767 necessarid
299 709 419 785 subjecti
440 722 515 775 suut,
531 719 614 785 prout
632 726 670 765 ex
690 706 722 763 S.
741 706 890 784 Cypriano
914 709 976 785 jam
998 706 1169 765 audivimus.
1220 700 1308 770 Quod

38 838 44 847 ·
119 803 248 881 adjungit
267 804 477 880 Hieronymus,
492 805 656 881 Episcopos
670 804 774 861 debere
794 804 825 861 ιιι
838 822 990 863 commuue
1011 821 1109 880 regere
1131 801 1307 869 Ecclesiam,

118 900 299 979 Presbyteris
313 901 423 960 scilicet
436 902 644 961 communicata
657 910 805 977 potestate,
818 900 938 977 intelligi
952 909 1047 977 potest
1065 898 1100 957 de
1112 897 1306 957 mansuetudi-

118 998 352 1076 nis,'prudentiae,
362 1011 391 1058 et
403 1000 545 1058 charitatis
559 999 662 1066 studio,
675 1018 731 1072 quo
745 998 923 1076 Episcopum
936 1008 1046 1076 oportet
1056 998 1305 1073 Presbyterorum,

116 1097 220 1173 pietate
235 1108 264 1155 et
276 1098 395 1156 scientia
408 1098 609 1173 prestantium,
624 1098 774 1169 exquirere
788 1097 928 1155 consilia:
950 1115 1036 1155 secus
1049 1095 1152 1153 frustra
1165 1093 1202 1152 ad
1216 1088 1304 1153 unum

117 1197 212 1257 omnis
226 1196 378 1255 solicitudo
389 1195 480 1254 delata
493 1206 578 1263 esset,
593 1194 628 1253 ad
642 1195 828 1252 schismatum
842 1194 965 1254 tollenda
978 1194 1099 1257 semina.
1133 1192 1303 1251 “Ecclesia
1329 1225 1332 1229 -

117 1293 226 1362 salus,”
242 1291 335 1366 inquit
355 1291 551 1369 Hieronymus
567 1293 640 1368 ipse,
656 1291 716 1349 “iu
736 1291 843 1349 summi
863 1290 1017 1351 sacerdotis
1031 1289 1169 1366 dignitate
1190 1286 1303 1365 pendet,

116 1392 164 1449 cui
184 1392 209 1449 si
229 1409 288 1448 uon
308 1407 408 1447 exsors
430 1388 559 1461 quadem
584 1399 612 1446 et
631 1389 665 1446 ab
686 1389 817 1446 omnibus
838 1389 977 1457 eminens,
1000 1387 1081 1445 detur
1101 1396 1239 1463 potestas,
1256 1384 1314 1453 ‚tot'

116 1496 199 1546 crunt
211 1487 242 1544 in
256 1484 390 1543 Ecclesia
403 1484 573 1551 schismata,
589 1495 658 1558 quot
671 1483 886 1543 Sacerdotes.”¹
907 1483 977 1543 June
991 1483 1077 1560 igitur
1090 1482 1177 1539 utitur
1186 1480 1302 1557 Moysis

116 1585 260 1661 exemplo,
276 1583 435 1655 “quicum
449 1581 564 1640 haberet
577 1583 608 1641 in
622 1592 760 1659 potestate
774 1582 853 1640 solus
868 1584 991 1658 proeesse
1006 1580 1114 1656 populo
1128 1578 1230 1647 lsrael,
1244 1597 1306 1655 sep

117 1681 244 1757 tuaginta
263 1680 359 1757 elegit,
380 1698 445 1738 cnm
466 1680 570 1753 quibus
588 1680 727 1756 populum
745 1677 917 1755 judicaret.”
960 1675 1147 1741 Consuetudo
1167 1676 1305 1735 Ecclesia
1332 1672 1335 1677 ’

115 1776 315 1839 Alexandrina
329 1796 388 1835 non
401 1775 553 1835 admodum
568 1777 729 1843 innotescit,
740 1774 793 1833 sed
805 1774 915 1832 videtur
935 1776 1024 1832 hrisse
1038 1785 1126 1832 caetus
1142 1774 1303 1851 Episcopo·

115 1896 180 1935 rum
204 1876 264 1934 veri
288 1875 423 1943 nominis,
443 1875 493 1948 qui
515 1874 664 1951 Episcopo
685 1872 878 1931 Alexandrino
902 1872 1060 1941 adstabant,
1082 1873 1114 1930 in
1138 1871 1302 1949 primordiis

116 1972 268 2040 Ecclesia,
291 1991 328 2030 ue
351 1990 419 2030 casu
440 1971 536 2042 aliquo
557 1969 691 2027 deficeret
711 1968 875 2037 successio,
896 1969 1002 2041 quique
1023 1969 1050 2026 ei
1072 1968 1103 2025 in
1127 1968 1304 2046 amplissima

117 2067 224 2128 ditione
238 2088 355 2145 operam
370 2068 548 2144 prestabant,
560 2084 632 2140 qnos
648 2077 713 2142 post
723 2064 853 2125 Heracle
864 2075 993 2142 tempora
1005 2065 1126 2141 singulis
1137 2064 1306 2137 diacesibus

115 2167 265 2243 prefectos
281 2165 442 2225 verosimile
454 2168 522 2223 est⁸
561 2164 703 2242 Origenes
722 2163 903 2222 Alexandria
916 2162 1033 2232 docens,
1048 2162 1098 2221 diu
1114 2175 1180 2223 ante
1193 2172 1304 2223 aetaoen

115 2264 301 2341 Hieronymi,
323 2263 359 2322 de
378 2283 438 2323 uuo
459 2264 621 2340 Episcopo,
642 2262 762 2340 singulis
787 2262 928 2327 Ecclesiis
955 2262 1098 2339 praefecto,
1113 2246 1228 2321 locutus
1251 2270 1304 2320 eat.

117 2363 226 2422 Contra
240 2363 428 2422 domesticum
442 2363 519 2422 hunc
533 2372 633 2421 testem
648 2381 706 2420 non
720 2370 814 2440 potest
827 2361 920 2419 valere
934 2359 1110 2437 Hieronymi
1126 2360 1246 2430 dictum,
1256 2360 1307 2434 qui

115 2458 286 2517 documento
308 2460 403 2531 aliquo
422 2460 467 2516 vel
487 2459 645 2516 narratione
670 2458 728 2515 falli
750 2459 851 2534 potuit,
871 2457 917 2515 vel
936 2457 972 2515 ad
995 2458 1231 2517 consuetudinem
1254 2458 1305 2517 ali·

114 2573 201 2629 quam
214 2554 327 2623 referre,
343 2573 405 2627 quae
415 2573 452 2612 ex
465 2556 528 2632 ejus
537 2555 630 2612 verbis
644 2555 779 2613 nonsatis
788 2562 863 2613 certo
873 2554 1023 2631 colligitur.
1055 2555 1090 2614 ld
1100 2565 1218 2622 constat,
1234 2574 1304 2623 eum

114 2651 290 2729 Episcopalc
304 2652 432 2729 regimen
446 2652 482 2710 ad
495 2650 651 2735 primordia
659 2650 800 2710 Ecclesia
812 2651 953 2719 retulisse,
969 2662 997 2710 et
1009 2651 1192 2711 ordinationis
1207 2652 1308 2728 potes-

114 2760 200 2809 tatem
215 2751 424 2833 Episcoporum
438 2751 601 2829 singulare'
591 2769 639 2828 yus
653 2749 834 2825 predicasse,
842 2769 877 2808 ca
886 2751 950 2828 ipsa
960 2750 1108 2829 epistola'
1099 2770 1130 2811 ιιι
1142 2770 1200 2825 qua
1219 2751 1308 2819 Pres-

113 2850 281 2928 hyterorum
297 2848 462 2927 dignitatem
483 2858 683 2927 exaggeratz·
686 2848 811 2915 Quid
741 2866 873 2977 lmm
886 2848 962 2916 facit,
962 2858 1103 2983 excepta
1113 2846 1305 2918 ordinatione,

114 2949 279 3025 episcopus,
295 2948 371 3022 quod
386 2948 541 3026 Presbyter
551 2956 610 3007 nou
625 2947 748 3008 sacintl”
752 2951 764 2983 ⁸
1199 2970 1203 2975 ·

153 3044 300 3118 Quidquid
314 3045 485 3104 discriminis
499 3048 572 3105 inter
590 3046 765 3123 Episcopus,
780 3008 912 3106 Romano
932 3046 1068 3123 episcopo
1082 2998 1295 3131 inferiorem

100 3140 208 3207 currit,
223 3139 259 3197 ad
276 3140 508 3198 Ecclesiasticam
522 3141 660 3217 politiam,
675 3159 741 3215 quae
761 3142 924 3200 varietatem
946 3141 1050 3218 patitur
1069 3160 1122 3217 pro
1143 3126 1304 3221 temporum

112 3237 285 3307 conditione,
300 3237 426 3296 refertur.
468 3236 654 3296 Secundum
647 3258 680 3297 ιιι-
691 3236 860 3297 Hierarchia
873 3238 968 3297 locum
981 3238 1104 3299 obtinuit
1115 3234 1152 3299 ab
1167 3236 1303 3315 antiquis·

112 3337 194 3397 simis
215 3336 390 3413 temporibus
411 3337 564 3413 episcopus
584 3335 807 3407 Alexandrinus,
829 3337 910 3414 cujus
931 3346 1056 3413 potestas
1077 3338 1258 3417 amplissima
1274 3338 1305 3397 in

30 3466 33 3471 ·
113 3435 288 3513 AEgyptum,
298 3433 433 3512 Lybiam,
446 3443 474 3491 et
482 3432 673 3511 Pentapolim,
686 3454 702 3491 a
714 3433 847 3492 Concilio
859 3434 889 3491 N
891 3434 981 3493 icaeno
992 3433 1133 3492 vindicata
1144 3439 1214 3493 est.⁴
1234 3418 1303 3497 Ter·

113 3532 153 3590 tio
167 3526 298 3610 in'gradu
312 3532 389 3617 stetit
402 3532 554 3609 episcopus
568 3531 740 3600 Antiochia,-
751 3533 801 3605 qui
814 3550 867 3589 sua
880 3533 1042 3591 auctoritate
1052 3531 1180 3591 Orientis
1192 3534 1305 3610 p'rorin-

112 3628 172 3686 cias
185 3631 432 3707 complectebatur.
473 3628 519 3688 nd
533 3631 645 3689 urbium
659 3629 875 3706 amplitudinem
886 3629 1062 3688 referendam
1074 3624 1161 3707 hujus
1171 3630 1304 3708 jurisdic-

114 3725 198 3783 tionis
213 3728 351 3805 originem
366 3728 495 3787 nonnulli
508 3738 687 3796 censuerunt,
700 3725 777 3802 quod
788 3728 1022 3797 scilicet-occasio
1033 3726 1100 3785 inde
1113 3739 1176 3787 orta
1188 3731 1229 3788 cit
1240 3748 1301 3789 cam

114 3820 273 3890 tribuendi;
296 3822 371 3896 quod
386 3842 443 3882 non
457 3833 604 3900 repugnat,
620 3822 776 3882 dummodo
789 3823 824 3880 ab
838 3822 1004 3900 Apostolico
1018 3823 1096 3884 fonte
1109 3843 1245 3885 manasse
1256 3808 1313 3903 ag?

113 3926 256 3975 noscatur.
296 3920 504 3985 Antiochenam
518 3920 627 3989 sedem,
641 3939 678 3981 cx
693 3920 780 3988 Petri,
796 3920 846 3993 qui
859 3921 968 3997 primus
983 3938 1046 3979 eam
1067 3925 1230 3999 occupavit,
1242 3924 1303 4001 dig·

112 4015 209 4083 nitate,
225 4015 444 4077 Alexandrinam
456 4019 540 4077 etiarn
552 4018 695 4078 fundatam
707 4040 723 4077 a
734 4019 834 4077 Marco
846 4020 907 4096 ojus
919 4018 1072 4097 discipulo,-
1082 4020 1117 4078 ab
1127 4021 1193 4097 ipso
1206 4023 1301 4091 Petro,

114 4113 196 4189 cujus
210 4114 370 4172 auctoritate
379 4116 446 4192 egit
457 4125 567 4174 constat
575 4115 641 4192 jura
652 4116 794 4192 praecipua
802 4114 970 4173 derivasse.⁶
989 4114 1034 4173 Ad
1044 4097 1215 4221 ampliorem
1224 4120 1297 4178 hano

144 4289 181 4352 (l)
199 4289 263 4339 Dial
277 4289 330 4338 adv
341 4289 450 4341 Lucifer.

143 4374 180 4436 (2)
198 4374 260 4422 Vide
270 4372 359 4422 Clinoh
371 4375 460 4439 sapius
472 4376 599 4428 laudatum
610 4393 653 4441 qur
645 4338 812 4441 Hieronymi
825 4377 965 4435 testimonia
977 4376 1094 4443 preclare
1110 4384 1237 4445 versctp.
1247 4376 1302 4432 tao·

143 4457 180 4518 (3)
196 4456 238 4521 Ερ.
250 4457 282 4506 ad
295 4454 491 4543 Euagrum..

143 4540 180 4601 (4)
191 4540 252 4590 Gon.
261 4540 293 4587 ιι.

144 4626 180 4685 (5)
192 4625 253 4676 Vide
262 4605 419 4679 Thomnssin.
428 4628 482 4678 Vct.
491 4635 516 4680 st
526 4628 589 4680 Nor
597 4628 664 4680 Eccl.
674 4628 769 4695 discipl.
780 4648 804 4697 p.
815 4633 836 4682 l.
843 4632 858 4682 1.
869 4632 891 4682 1.
900 4648 921 4682 c.
931 4614 1015 4682 ’1.οι8.
1027 4638 1086 4683 tom.
1096 4649 1119 4682 ι.
