2738 5032
70 296 76 305 .
137 246 195 302 tat
383 244 437 305 DE
463 246 672 307 VERSIONE
693 248 849 309 hs'rlrta
871 249 1078 311 venetur.

177 405 372 473 Querebantur
390 405 459 464 olim
483 405 672 464 Protestantes
695 407 845 485 vulgatam
861 408 1006 468 Hebraico
1024 410 1113 468 textui
1134 428 1193 467 uon
1215 425 1323 484 semper
1350 484 1353 491 Ι

136 501 326 578 respondere:
342 513 451 559 constat
463 502 578 575 quidem
593 503 621 561 in
636 504 774 562 Psalterio
787 524 850 564 eam
864 506 900 564 ad
914 507 1046 565 Graecam
1065 506 1253 582 Septuaginta
1266 522 1321 560 ver·
1341 494 1344 501 ’
1360 534 1366 583 3

136 600 247 657 sionem
274 600 364 674 magis
384 597 535 656 accedere:
560 598 611 657 sed
632 618 720 672 quum
743 600 804 658 haic
824 603 917 661 versio
938 603 1026 665 tribus
1046 603 1104 661 sere
1124 603 1242 660 maulia
1260 614 1319 659 aute
1348 654 1352 663 .

137 696 284 754 Christum
305 707 400 755 natum
422 696 459 753 sit
477 695 558 762 sacta,
573 709 602 753 et
621 694 637 753 ι’
658 695 775 765 Christo
788 710 817 756 et
830 700 977 775 Apostolis
997 699 1133 767 adhibita,
1146 680 1274 767 nullaen
1287 717 1322 760 ex

135 793 228 870 capite
249 803 341 868 potest
366 792 447 851 nobie
468 794 574 849 moveri
595 791 756 851 difficultas.
798 793 931 854 Profecto
951 796 1044 854 nullus
1065 797 1114 868 qui
1135 806 1215 868 extat
1234 793 1321 854 codex

135 890 293 948 Hebraicus
308 900 411 946 tautam
436 889 627 960 antiquitatem
654 890 809 966 praesefert.
830 903 864 951 et
883 893 945 955 steri
969 905 1063 969 potest
1084 905 1115 950 ut
1137 873 1321 968 Septuaginta

137 987 230 1045 versio
250 986 393 1058 uunquam
409 997 543 1043 strenam
564 985 714 1044 lectionem
735 988 868 1062 exhibeat
888 988 1030 1067 nonnullis
1045 989 1075 1046 iu
1089 989 1161 1047 locis
1175 989 1207 1046 in
1221 976 1320 1062 quibis

135 1086 239 1141 menda
258 1083 394 1158 deinceps
410 1081 440 1139 in
461 1090 566 1139 tentum
583 1082 712 1158 irrepsit:
736 1082 843 1141 idcirco
862 1085 1006 1149 versiones
1031 1085 1161 1158 antiquas
1186 1084 1318 1143 inservire

135 1200 220 1258 posse
235 1180 323 1239 textui
342 1178 512 1238 restituendo
526 1192 683 1256 agnoscunt
692 1178 802 1241 Critici.
840 1181 973 1247 Proiecto
987 1185 1016 1241 iu
1030 1182 1133 1240 celebri
1148 1181 1198 1241 illo
1215 1180 1317 1240 Psalmi

132 1282 292 1355 locoqnem
303 1280 363 1356 jam
373 1277 547 1345 censimus:
565 1276 830 1350 “foderuutrnanus
839 1298 917 1357 meas
927 1293 955 1337 ct
963 1279 1051 1359 pedes
1060 1299 1140 1355 meos
1149 1273 1315 1357 :''‚¹Scptua·

132 1383 210 1459 ginta
234 1390 264 1437 et
283 1377 405 1455 Vulgata
429 1395 521 1435 reram
536 1376 688 1434 lectionem
700 1366 838 1443 ⁴“hibent
849 1397 860 1449 3
873 1388 972 1458 *m
993 1397 1045 1443 urs
1067 1391 1135 1458 m
1158 1379 1317 1447 intextum

133 1478 259 1537 inducto.
302 1476 370 1533 Sic:
388 1481 410 1527 ι*
422 1474 452 1531 in
466 1492 579 1530 ornnem
596 1486 694 1531 terram
709 1474 799 1532 exivit
811 1493 900 1533 sonus
914 1475 1048 1543 eorum’'¹
1061 1481 1074 1538 ι’
1088 1476 1317 1551 eilwaryisrsr,

133 1575 246 1635 Paulo
238 1592 303 1651 ipso
320 1570 512 1647 Septuaginta
519 1570 730 1637 concordante,³
743 1577 830 1644 quum
849 1573 911 1649 jam
925 1593 991 1641 casu
1006 1573 1133 1647 quodam
1145 1584 1255 1666 Di?
1247 1573 1317 1630 linea

131 1692 229 1732 eorum
245 1691 296 1748 pro
314 1642 414 1758 059
430 1669 564 1744 scriptum
586 1669 632 1725 sit.
673 1667 738 1725 Jatn
753 1680 847 1728 autem
861 1670 1023 1728 criticorum
1035 1671 1181 1751 laboribus
1208 1691 1267 1751 res
1276 1679 1316 1728 cst

130 1756 277 1849 explorata
291 1771 418 1847 Vulgata
432 1781 464 1825 st
475 1767 657 1842 Septuaginta
671 1762 824 1824 lectionem
836 1768 940 1844 sapius
955 1787 1019 1826 csse
1033 1769 1258 1845 praeferendam.-

169 1870 352 1947 Exprobrant
361 1869 443 1927 uobis
454 1865 561 1938 aliqui'
554 1874 626 1922 mter
641 1864 833 1922 Protestantes
848 1865 1002 1960 vulgatam
1012 1867 1186 1927 Versionem
1197 1858 1312 1953 fideliter

128 1977 238 2026 textum
251 1963 458 2024 uonexhibere
476 1960 607 2022 (leniri.
624 1964 671 2017 ιι.
713 1967 732 1996 “
745 1959 812 2036 lpsa
825 1973 958 2020 coumret.
973 1955 1059 2048 capnt
1082 1975 1162 2034 tuum
1175 1962 1207 2022 :⁹⁹
1228 1980 1311 2047 quum

129 2065 319 2125 masculinnm
343 2078 511 2138 pronomen
544 2071 571 2115 et
600 2058 675 2115 verbi
703 2057 794 2117 forma
821 2060 977 2118 masculina
1004 2061 1050 2118 in.
1068 2070 1160 2125 team-
1183 2068 1314 2123 occurrat

129 2161 273 2221 Caeterum
287 2159 317 2219 id
329 2157 471 2235 imprimis
492 2152 769 2215 animadvertendum
780 2155 860 2225 ‘hanc
873 2156 977 2215 aliasve
992 2158 1141 2217 varietates
1154 2178 1215 2219 non
1229 2159 1312 2237 (masc

127 2258 269 2318 recentiam
294 2255 434 2323 inductas,
455 2252 507 2311 sed
526 2253 571 2310 ab.
581 2252 786 2334 antiquissimis
807 2251 945 2321 derivatas
970 2253 1126 2324 codicibus,
1142 2255 1223 2335 xadeo
1243 2253 1312 2329 utsi
1360 2272 1361 2278 ¹

127 2354 232 2415 menda
252 2363 403 2421 constaret,
419 2351 524 2410 fraudis
546 2351 639 2424 omnis
662 2350 790 2427 suspicio
805 2338 889 2410 absitss
929 2346 1063 2415 Proiecto
1084 2341 1256 2427 Ambrosius
1271 2353 1309 2412 ita

125 2453 211 2529 legit:
228 2460 248 2489 ⁴⁶
258 2452 323 2526 ipsa
332 2450 384 2507 tibi
396 2447 518 2505 servabit
531 2445 662 2521 caput.”⁴
700 2444 853 2522 Reperitur
865 2448 950 2506 etiam
965 2467 1124 2525 pronomen
1138 2450 1309 2524 femininum

126 2551 157 2609 in
178 2548 323 2607 codicibus
345 2544 454 2602 dnobus
477 2544 617 2599 intereos
639 2532 711 2613 quos
736 2546 877 2601 recensuit
890 2544 1069 2605 Kennicotr⁵
1088 2549 1211 2607 varietas
1225 2555 1311 2621 autem

125 2650 208 2710 facile
222 2647 350 2725 contigit,
364 2664 399 2703 es
411 2643 487 2707 enim
508 2640 681 2714 antiquitatis
702 2624 770 2727 notu
787 2641 817 2710 ip
840 2642 947 2702 Genesi
962 2646 1097 2715 occurrit,
1109 2648 1191 2720 quod
1212 2657 1231 2685 “
1244 2659 1309 2728 qun

125 2747 161 2806 de
175 2745 300 2804 maribus
314 2760 395 2816 eque
412 2760 446 2799 ac
459 2736 601 2797 faminis’'
622 2749 782 2815 usurpatur,
797 2739 838 2796 uti
852 2739 1051 2818 animadvertit
1062 2742 1274 2806 Reaenmulleru
1285 2754 1312 2811 et

126 2863 286 2924 pronomen
299 2841 474 2903 femininum
484 2837 593 2914 'saepius
607 2836 693 2894 scribi
700 2828 854 2915 cousuevit
876 2837 978 2919 iisdem
998 2839 1112 2911 litteris,
1124 2843 1206 2905 nirllo
1219 2842 1309 2910 ducti·

124 3064 201 3122 about
211 3069 322 3121 lonneeu
338 3067 449 3118 hundred
459 3054 533 3132 years
544 3081 599 3131 agn
615 3067 629 3095 ’
649 3067 663 3095 ⁶
683 3068 696 3096 ⁸
714 3064 798 3116 'l‘herc
809 3080 851 3117 ure
860 3070 911 3116 tivo
924 3066 1009 3133 things
1026 3068 1055 3133 lu
1066 3068 1117 3119 this
1127 3071 1312 3131 circumstance,

125 3153 210 3206 which
221 3151 342 3218 ought'tn
351 3149 508 3201 recommurd
519 3149 561 3199 the
570 3149 639 3201 work
650 3151 676 3200 in
694 3149 807 3214 question
818 3155 850 3199 ια’
860 3148 901 3198 tire
912 3151 1030 3201 aturrus
1046 3154 1220 3207 erraneum
1230 3155 1260 3206 οι
1272 3155 1309 3213 tha
1325 3152 1327 3159 ’

123 3236 202 3290 critic.
236 3234 264 3287 F
257 3245 310 3296 trst,
320 3235 375 3285 thet
385 3233 476 3298 haring
487 3233 547 3282 been
559 3234 631 3285 made
649 3233 712 3283 from
725 3234 891 3315 manuscripts
902 3233 969 3284 older
980 3235 1041 3285 than
1051 3245 1125 3304 most,
1137 3240 1270 3306 perhaps
1255 3240 1309 3293 thau

125 3340 176 3389 arry
187 3338 244 3375 now
252 3328 346 3380 extant.
357 3319 376 3372 n
384 3332 465 3368 senes
476 3317 502 3366 in
514 3333 582 3384 some
593 3319 682 3400 degree
694 3323 719 3367 ιο
727 3318 818 3382 supply
829 3318 871 3389 the
885 3318 953 3382 place
962 3319 1068 3379 ofthtut
1080 3312 1259 3402 manuscripts.
1264 3325 1308 3376 aad

122 3407 219 3458 furnnh
226 3423 256 3457 οι
265 3404 325 3456 with
334 3404 375 3454 the
382 3401 496 3468 probable
504 3416 590 3452 means
598 3401 628 3451 οι
634 3390 788 3466 discovering
799 3382 867 3451 what
873 3401 913 3452 the
918 3402 1039 3470 readings
1049 3422 1115 3457 were
1125 3409 1209 3460 which
1215 3408 1233 3483 J
1233 3425 1308 3465 eroum

122 3491 218 3544 found
210 3505 237 3541 tn
249 3491 290 3546 the
302 3488 383 3554 copies
404 3485 485 3541 which
496 3487 530 3536 he
547 3503 577 3536 so
590 3485 712 3551 wefully
729 3468 840 3535 collated.
873 3487 984 3541 Another
995 3491 1110 3557 occminn
1123 3491 1159 3552 is,
1170 3489 1225 3546 thg't
1223 3466 1317 3560 befflg'

121 3575 228 3626 finishcd
238 3574 297 3639 long
305 3573 388 3622 hesuro
398 3571 468 3631 those
478 3570 654 3623 controversias
663 3583 734 3618 mose
748 3568 830 3627 which
841 3557 884 3618 aie
884 3570 935 3619 'the
953 3558 1097 3624 foundation
1113 3577 1144 3625 of
1155 3593 1182 3628 rr
1183 3585 1226 3629 cst
1233 3579 1262 3629 of
1272 3579 1309 3628 the

122 3665 187 3709 ιιοιι
198 3672 254 3708 now
265 3655 408 3723 ιοιιίιιίος,
419 3670 456 3705 we
464 3670 523 3719 may
531 3659 581 3703 rest
591 3653 701 3711 sssnred,
712 3643 784 3702 that
774 3668 803 3701 ur
816 3653 905 3718 regard
916 3659 942 3703 ιο
952 3654 1030 3715 these
1039 3657 1113 3708 there
1120 3660 1174 3710 wilt
1186 3661 1308 3719 henobius

121 3742 186 3795 from
194 3747 265 3805 party
276 3739 327 3789 sesi
338 3745 364 3790 ιο
373 3737 451 3788 either
462 3736 515 3787 side
525 3737 556 3787 ef
564 3736 605 3786 the
613 3733 750 3800 question.”
783 3735 839 3784 The
850 3735 905 3789 sotir
913 3737 1017 3803 Gospsls
1025 3741 1163 3803 uanslmed
1175 3745 1208 3811 by
1217 3745 1308 3819 §purga

121 3821 258 3891 Camphell,
265 3822 296 3871 D.
307 3821 339 3871 D.
373 3821 511 3873 Dissertx.
520 3836 556 3884 p.
549 3818 605 3868 ³54.
615 3819 751 3880 American
762 3818 819 3868 edit
912 3874 920 3879 ..
951 3844 955 3857 ι
998 3868 1001 3873 ,

154 3906 232 3956 “The
249 3903 354 3969 Vulgare
365 3920 422 3970 may
435 3904 578 3968 reasonably
591 3904 621 3955 bo
632 3903 796 3968 pronounced,
813 3918 879 3966 upon
897 3905 937 3956 the
950 3880 1035 3966 whole,
1044 3923 1060 3956 a
1070 3909 1136 3973 good
1147 3912 1198 3961 and
1215 3911 1306 3964 faitirsul

121 3991 234 4045 version!
235 3988 323 4037 'ibid
335 4004 358 4052 p.
366 3987 423 4038 358.

152 4061 244 4136 (1)Ῥι.
254 4071 303 4120 xxi.
315 4072 352 4120 18.

152 4160 188 4220 (2)
202 4157 241 4206 Ps.
252 4153 318 4204 xviii.
328 4155 352 4202 5.

152 4242 190 4304 (3)
201 4241 273 4291 Rom.
284 4253 307 4293 x·
321 4236 357 4288 18.

152 4326 188 4386 (4)
200 4324 215 4373 l
227 4324 257 4372 de
269 4321 465 4386 sagramento.
478 4324 518 4376 rit
606 4379 609 4385 ,

150 4409 187 4471 (5)
199 4407 262 4457 Vide
271 4405 327 4465 227,
338 4405 385 4454 ³29
398 4407 478 4457 Kenn.

152 4493 188 4557 (6)
200 4490 282 4542 Prol'
276 4489 464 4540 mPentateuch
467 4508 507 4556 ..p
521 4491 558 4543 1³.
569 4492 609 4543 ed.
618 4490 709 4561 Lipsite
722 4466 833 4545 1888.
