2738 5032
117 260 182 317 ,404
409 255 466 316 1>ss
489 254 668 361 CANONPJ⁸
681 254 1020 318 scnlrt'uttsttutt.

123 416 298 492 rejtcereut¹
317 413 472 474 Doderlein
485 415 570 473 ctiam
584 414 685 474 latetur
697 434 748 473 eos
761 413 828 473 odio
842 412 1054 473 catholicorum
1068 423 1158 473 actos.
1184 413 1303 491 Augusti

123 511 216 580 Jesis,
242 512 338 569 Wette
359 511 569 588 Heidelbergae,
584 530 689 588 pancos
710 525 774 569 ante
793 530 1005 578 annor‚·uotas
1028 511 1163 569 librorum
1188 512 1304 569 istorum

122 610 241 672 ntorum
255 609 400 666 versiones
414 607 571 674 adidemut,
585 609 621 665 iis
634 607 788 666 admodum
801 607 945 666 laudatis·
984 607 1011 665 E
1026 618 1124 665 eontra
1137 605 1301 666 Concilium

124 704 325 764 Tridentinum
346 703 418 762 nihil
437 705 505 763 nori
518 703 651 770 decrevit,
667 722 703 761 ue
720 722 808 762 unum
822 702 937 775 quidem
951 702 1054 773 librum
1073 704 1177 763 cauom
1191 702 1301 780 adjecit

122 803 175 862 sed
188 801 310 861 eundem
324 820 420 874 quem,
435 813 499 860 ante
512 800 660 859 duodecim
682 801 741 859 lere
753 801 868 869 saecula,
882 800 1039 880 catalogum
1059 799 1188 864 ediderat
1200 800 1303 860 Conci·

122 898 194 958 lium
215 896 440 974 carthaginense
461 898 562 955 iterum
583 898 698 974 agnovit
710 908 740 954 et
752 897 855 955 sanxit.
896 896 940 954 Re
953 895 1069 968 quidem
1087 915 1153 954 vera
1167 897 1193 954 ιι
1213 898 1303 956 caeteri

122 1013 223 1055 omncs
244 994 310 1052 libri
330 992 418 1052 divini
439 990 531 1052 eidem
545 995 724 1070 subjacerent
743 993 879 1051 scrutinio
891 992 969 1065 qnod
982 993 1016 1050 ia
1034 992 1088 1054 hos
1110 992 1301 1052 Protestantes

121 1074 311 1140 instituerunt,
330 1091 416 1132 nemo
436 1072 508 1131 soret
527 1072 652 1140 indubia,
673 1073 855 1139 auctoritatis,
869 1072 994 1142 humano
1013 1090 1101 1129 sensu
1121 1073 1248 1141 arbitrio,
1262 1074 1299 1132 uti

122 1179 198 1250 patet
210 1189 248 1228 ex
261 1169 360 1236 Palae,
376 1168 513 1237 Voltaire,
526 1179 748 1241 ceterorumque
762 1167 925 1229 Deistamm
938 1167 1062 1246 scriptis.
1093 1167 1210 1229 Horum
1224 1170 1301 1229 insis-

123 1277 181 1325 tere
194 1265 333 1342 vestigiis,
347 1263 511 1323 methodum
526 1262 661 1323 adhibere
675 1262 771 1340 pudet.

213 1741 251 1800 c.
273 1740 325 1800 vn
367 1739 423 1799 nrt
445 1713 772 1800 scnirruntautt
793 1718 1212 1803 turnurttursm'oun

147 1897 281 1957 'Oenone
304 1899 511 1976 Scripturarum
532 1907 645 1965 statuto,
661 1895 696 1954 de
711 1914 808 1954 earum
828 1897 1055 1974 interpretatione
1076 1895 1229 1965 dicendum
1247 1908 1297 1956 est

125 1982 298 2056 Unitnrioni
311 1995 408 2055 dicunt
421 2015 469 2054 eas
484 1997 572 2054 instar
585 2005 749 2053 ceterorum
763 1993 1104 2071 librorumexplicandas,
1118 2005 1150 2054 ιι
1168 1995 1300 2071 quidquid

120 2095 222 2153 rationi
232 2114 390 2172 repugnans
401 2094 536 2162 videatur,
549 2093 593 2151 vel
602 2093 721 2170 intelligi
735 2092 819 2168 plane
830 2092 938 2166 nequit,
950 2086 1114 2152 adsensum
1125 2096 1229 2155 rationi
1239 2114 1302 2154 eon·

119 2211 207 2270 guum
222 2204 251 2251 et
268 2193 375 2251 clarum
395 2191 611 2250 reducendum-⁸
652 2189 753 2249 Amici
777 2190 895 2266 Spiritui
907 2207 993 2251 ,ιιιιιι
1012 2184 1299 2269 cordis'praebendas,

118 2307 211 2364 eoque
223 2289 341 2349 docente
356 2289 507 2368 scripturas
519 2287 638 2364 intelligi
649 2286 769 2349 tradunt.
790 2287 925 2359 Plerique
937 2280 1140 2351 Protestantes
1154 2301 1301 2357 mentetua

120 2384 228 2462 Spiritu
255 2387 361 2445 Sancto
384 2386 517 2444 illustrari
538 2393 657 2443 censent
669 2393 700 2442 nt
719 2383 874 2460 Scripturae
894 2383 1094 2464 intelligantur,
1108 2395 1250 2459 qnatenus
1270 2385 1301 2444 ad

120 2483 242 2541 salutem
266 2503 340 2558 opus
364 2484 411 2539 sit.
454 2480 686 2539 Henneneutieoe
709 2480 970 2556 cultores'plurimi
985 2481 1120 2539 subsidiis
1147 2483 1299 2542 litterarum

121 2579 209 2639 nimis
224 2581 326 2638 confisi
328 2597 456 2653 ‚suoque
468 2576 665 2668 indulgentes'
657 2577 782 2659 tagenio,
779 2576 952 2654 Scripturas
964 2577 1096 2637 adhibitis
1107 2568 1266 2658 linguamm
1277 2592 1303 2638 et

118 2695 231 2737 morum
245 2676 434 2744 orientalium,
446 2684 474 2732 et
487 2674 667 2733 scientiarum
677 2671 855 2731 adminiculis
857 2673 1052 2759 explicarunt,
1064 2674 1167 2734 divina
1167 2676 1299 2767 dogmata

118 2774 191 2868 nihil
204 2788 344 2838 curantes.
375 2774 518 2833 Ceterum
532 2771 679 2833 coluerunt
691 2772 765 2830 hanc
779 2771 926 2843 scientiam
939 2773 992 2831 viri
1004 2774 1134 2876 apprime
1148 2775 1299 2843 Catholici,

121 2875 171 2948 qui
184 2893 265 2934 omm
256 2873 444 2932 eruditionis
465 2871 548 2951 copia
571 2882 683 2928 samum
704 2880 813 2928 textum
834 2870 1006 2929 illustrarunt
1018 2886 1127 2950 magno
1143 2892 1210 2932 cnm
1230 2854 1302 2933 Reli·

117 2973 212 3058 gionis
226 2971 363 3049 profectu.
404 2971 476 3038 Qum
497 2970 582 3047 igitur
595 2966 630 3025 de
643 2987 777 3046 supremo
788 2968 858 3046 jure
879 2967 1043 3029 Ecclesiae
1035 2986 1070 3027 tn
1083 2963 1267 3048 Scripturis'
1259 2991 1297 3030 ιιι

116 3067 301 3145 terpretandis
312 3067 413 3125 dicturi
422 3085 533 3134 sumus,
544 3065 795 3125 Hermeueuticae
787 3074 859 3123 intra
869 3065 962 3141 justos
977 3064 1081 3158 limites
1095 3067 1298 3144 nonofficiuut,

117 3163 171 3222 sed
184 3168 328 3249 summurn
344 3161 485 3241 judicium
499 3160 534 3220 de
549 3162 631 3220 rebus
654 3161 731 3231 fidei,
746 3160 823 3235 quod
843 3146 1010 3223 Ecclesiae
997 3156 1059 3239 Jan't
1083 3140 1299 3238 vindicaiimus.

117 3259 271 3338 Scriptura
284 3278 400 3318 mnsurn
416 3258 565 3352 complecti
579 3242 740 3326 ostendunt,
751 3277 786 3315 ne
797 3256 1018 3357 explicationum
1029 3276 1167 3318 novarum
1181 3262 1297 3339 pruritu,

121 3358 184 3436 ipsa
197 3342 356 3434 Religionis
371 3356 528 3416 certissima
541 3354 714 3433 dogmatum
726 3348 911 3428 questionem
925 3365 1069 3414 vorentur.
1109 3354 1166 3417 ld'
1157 3358 1243 3458 igitur
1251 3377 1299 3418 nos

122 3456 197 3514 inter
209 3464 239 3512 et
251 3454 443 3512 Protestantes
457 3452 532 3511 hand
546 3453 769 3520 controvertitur,
784 3463 876 3510 utrum
892 3447 1011 3528 singulis
1026 3452 1139 3511 liceat
1129 3454 1240 3540 tngenii
1259 3458 1316 3519 suit

121 3553 197 3611 vires
211 3553 241 3610 in
256 3551 409 3629 scripturis
421 3550 580 3609 scrutandis
594 3567 736 3628 exercere,
757 3549 889 3609 adhibitis
909 3538 1061 3609 litterarum
1077 3561 1105 3608 et
1118 3553 1297 3621 scientiarum

119 3648 265 3719 subsidiis,
279 3648 309 3707 id
321 3649 399 3708 enim
412 3649 441 3706 in
455 3649 587 3748 confesso
600 3628 675 3726 apud
689 3666 788 3706 omnes
801 3649 861 3715 est';
863 3647 926 3711 sed
938 3648 1134 3713 contendimus
1147 3650 1224 3710 tidei
1221 3653 1299 3776 prin

153 3823 221 3883 (l)“
230 3823 307 3874 Unter
326 3825 373 3874 den
389 3838 495 3872 aeneren
506 3788 675 3873 Protestanten
693 3824 743 3873 hat'
750 3840 779 3872 ιι
795 3776 946 3888 wenigstens
952 3824 1059 3874 Clausen
1075 3825 1170 3876 nicht
1162 3843 1189 3877 tn
1203 3790 1307 3879 Αιιιιι·

121 3907 226 3975 geatellt.
243 3908 300 3958 dass
320 3908 373 3957 hier
384 3906 497 3956 wirlrliclt
506 3908 571 3956 strela
581 3910 672 3957 andere
683 3907 869 3957 Racheichten'
862 3924 897 3957 tm
914 3908 989 3972 spielc
1004 3919 1095 3969 waren,
1105 3910 1149 3960 als*
1161 3890 1298 3963 ltistorisclt·

122 3990 260 4044 ericaeum
278 3990 381 4040 Mohler
390 3989 547 4055 Symboliltl
560 3991 580 4039 1
594 3990 689 4050 dxxxv.
701 3991 798 4039 Kanon.

150 4074 190 4137 (ἢ)
207 4073 269 4121 Vide
280 4072 403 4123 Biblisclrc
416 4073 592 4123 Hermenentilr
604 4091 650 4122 von
661 4059 823 4123 Gerliartserl
837 4073 905 4133 thiel,
917 4091 938 4137 p.
951 4074 1004 4124 lll.

153 4157 190 4219 (3)
207 4154 276 4203 “We
287 4155 377 4204 bellem
387 4155 442 4205 that
451 4155 493 4204 tlte
504 4155 612 4211 revealed
624 4156 703 4205 trutlm
714 4155 744 4205 of
749 4155 791 4205 the
801 4157 932 4219 scripturos
940 4172 982 4207 are
993 4155 1018 4205 ln
1030 4112 1178 4225 conformity
1190 4134 1249 4210 with
1259 4160 1298 4210 the

121 4238 253 4307 principles
263 4236 293 4286 of
302 4236 472 4300 rightreoson.
489 4239 504 4271 ι
523 4239 537 4272 ¹
553 4239 568 4271 ι
586 4238 615 4288 tf
618 4255 670 4302 any
682 4254 722 4288 are
734 4238 809 4289 mund
821 4238 965 4304 apparently
974 4240 1004 4290 ol*
1006 4240 1057 4290 tlns
1063 4240 1203 4303 character
1214 4243 1250 4311 (
1239 4259 1298 4294 trra·

117 4320 220 4391 timaei)
234 4337 270 4371 we
292 4319 383 4390 believe
403 4321 445 4369 the
466 4321 590 4385 obscuritp
607 4321 683 4370 arises
703 4320 766 4371 t'rorn
784 4337 817 4371 ιιι
835 4320 965 4384 imperfect
983 4322 1143 4386 acquintanoe
1160 4325 1221 4375 with
1238 4326 1299 4376 their

122 4410 244 4472 meaning,
255 4405 302 4458 aad
314 4381 369 4451 that
381 4403 490 4453 further
484 4405 589 4471 inquiry
594 4405 644 4453 and
656 4421 723 4457 mure
734 4413 846 4455 accurate
855 4405 969 4469 rulesof'
963 4408 1155 4470 interpretation,
1165 4410 1216 4459 will
1227 4427 1295 4475 prove

118 4495 186 4545 them
198 4501 224 4543 tc
235 4493 263 4541 be
271 4485 388 4555 perleclly
399 4487 533 4536 consistent
544 4487 603 4537 with
611 4487 653 4536 tlte
664 4488 730 4543 clear
741 4487 843 4552 positive
852 4495 921 4552 parts
931 4489 1100 4592 ofScriplure
1111 4493 1162 4541 and
1179 4493 1294 4544 without

118 4576 224 4626 rational
234 4569 407 4626 convicticntss’
440 4569 508 4619 Unit
520 4570 626 4621 tntae.
639 4572 650 4620 l
671 4588 695 4635 p.
708 4571 745 4621 12
