2738 5032
29 232 32 239 ’
108 278 167 333 ns
384 276 440 339 ue
461 276 769 339 sucronurrrs
790 276 1012 339 ueruouu.

113 434 247 511 precedit
279 434 375 501 srdem,
403 436 433 493 in
452 434 555 493 adultis
588 436 623 493 ab
649 434 751 495 haeresi
778 434 823 493 rel
857 436 1021 495 infidelitate
1051 434 1207 505 conversis,
1230 434 1294 493 Deo

111 548 164 587 sua
190 533 278 607 gratia
304 532 409 609 sapius
435 530 603 609 disponente
630 546 662 591 nt
687 530 850 609 pru-judicia
882 532 994 609 singula
1023 550 1116 591 rerum
1142 530 1292 591 seldenus

114 628 225 693 cedant,
261 642 409 701 antequam
442 628 539 687 lumcu
574 628 640 687 fidei
673 630 735 705 ipsc
769 628 905 695 infundat,
939 648 997 702 quo
1030 647 1111 686 mens
1138 628 1201 707 jam
1236 644 1295 684 non

111 726 236 797 inquirit,
251 746 303 783 nec
318 727 434 791 dubitat,
449 726 499 783 sed
513 726 569 783 lide
584 728 611 783 iu
627 726 741 783 veritate
754 728 848 803 sgnita
861 727 991 799 quiescit.
1032 726 1193 785 Inserviunt
1212 743 1293 801 argn-

111 836 205 881 menta
218 832 246 879 ct
259 822 426 881 documenta
440 823 474 880 ad
490 822 683 881 vindicandam
698 822 794 889 fidem,
809 842 929 896 eamque
947 824 1010 881 aliis
1026 820 1293 886 commendandam,

111 920 184 976 sicut
197 921 281 977 ctiam
297 920 330 975 ad
345 919 552 977 ostendendum
567 918 633 977 fidei
647 938 796 977 assensum
818 938 875 977 nou
895 938 959 977 esse
980 938 1086 977 meram
1107 918 1213 977 mentis
1231 916 1295 975 ittu-

109 1016 230 1083 siouem,
245 1018 295 1075 scd
309 1019 475 1075 certissimis
488 1038 580 1075 rerum
596 1017 773 1075 documentis
786 1018 890 1077 fulciri.

149 1114 198 1173 Ex
218 1132 276 1187 quo
295 1115 338 1171 vir
356 1116 496 1172 sermonis
518 1115 657 1191 elegantia
677 1114 797 1191 insignis
820 1113 867 1171 De
888 1113 937 1173 La
957 1112 1098 1171 Menaeis
1119 1110 1292 1171 auctoritatis

111 1212 276 1271 methodum
290 1214 417 1290 suscepit
437 1212 640 1279 illustrandam,
661 1232 793 1289 magnam
807 1214 860 1271 sub
879 1212 990 1271 initium
1004 1214 1144 1270 bonomm
1163 1211 1291 1269 omnium

109 1312 241 1369 excitavit
269 1311 492 1378 admirationem,
522 1310 707 1388 plurimomm
736 1311 872 1388 deinceps
901 1310 1034 1369 conflarit
1061 1310 1116 1367 sibi
1144 1308 1291 1375 invidiam,

107 1408 228 1469 nimium
243 1427 419 1485 progressus,
434 1418 462 1466 ct
476 1409 637 1485 Systcmate
656 1409 859 1485 Philosophico
877 1408 1037 1487 Religionis
1050 1405 1190 1467 vindicias
1205 1407 1292 1482 irnpe-

107 1504 199 1563 diens.
241 1506 307 1572 Quo
331 1524 397 1563 cum
420 1504 584 1583 perduxerit
606 1506 805 1583 singularitatis
828 1504 952 1563 studium
975 1512 1081 1563 norunt
1102 1522 1218 1570 omnes,
1240 1520 1291 1560 uec

107 1604 238 1663 volumus
253 1606 315 1682 ejus
329 1622 500 1683 exaggerare
513 1624 645 1674 errrores,
658 1605 725 1663 dum
740 1624 807 1681 spes
821 1616 916 1663 manet
928 1623 993 1663 eum
1005 1602 1039 1661 ad
1053 1602 1186 1661 seruitum
1200 1603 1291 1678 ipsam

107 1698 242 1759 divinitus
267 1702 426 1759 constitute
449 1702 632 1769 auctoritatis,
645 1720 731 1775 quam
755 1702 824 1761 olim
848 1702 910 1759 aliis
935 1699 1110 1767 monstravit,
1125 1698 1290 1757 rediturum.

107 1798 165 1855 Sed
184 1816 220 1857 ne
236 1812 332 1856 nostra
351 1818 417 1857 cum
438 1799 528 1875 ipsius
549 1798 736 1857 confundatur
755 1799 901 1865 sententia,
917 1795 1199 1857 animadvertendum
1212 1794 1292 1853 duxi·

107 1914 172 1955 mus
185 1894 222 1953 de
240 1916 270 1955 rc
291 1896 496 1974 Plrilosophica
508 1916 566 1955 non
580 1898 636 1974 agi,
652 1916 705 1955 nec
719 1896 755 1955 de
769 1898 804 1954 iis
819 1916 882 1970 quse
896 1896 931 1954 ad
944 1894 1073 1955 ordinem
1086 1906 1196 1953 naturae
1209 1892 1292 1971 perti·

105 2004 184 2061 nent,
199 1994 228 2051 in
250 1995 352 2067 quibus
370 1996 515 2053 veritatem
537 1995 664 2071 pluribus
685 1995 839 2052 rationibus
859 2002 988 2052 constare
1007 1992 1138 2051 summus.
1180 1990 1228 2051 De
1246 1990 1291 2049 his

105 2091 178 2149 nihil
199 2090 303 2149 soliciti
323 2090 482 2169 Religionis
496 2088 610 2149 causam
630 2092 750 2169 agimus,
766 2102 795 2148 et
807 2089 892 2148 fidem
908 2089 1105 2149 contendimus
1119 2088 1243 2147 derivari
1255 2106 1291 2146 ex

106 2184 163 2244 Dei
177 2188 208 2244 in
222 2188 316 2245 anima
328 2188 446 2265 speciali
460 2189 578 2257 lumine,
591 2188 659 2245 fidei
673 2188 802 2245 notitiam
820 2206 857 2245 ex
877 2187 1018 2246 Ecclesiae
1038 2184 1252 2262 praedicstione,
1265 2192 1293 2242 et

103 2284 275 2342 auctoritate.
318 2284 448 2344 Duorum
469 2296 656 2362 systematum
675 2285 758 2343 liceat
781 2286 916 2343 exhibere
939 2284 1103 2352 discrimen,
1118 2285 1290 2343 auctoritatis

107 2382 218 2440 scilicet
231 2392 261 2441 et
274 2384 424 2443 examinis.

145 2480 222 2536 Pucr
235 2480 329 2537 statim
343 2500 375 2537 ac
390 2482 421 2537 fit
434 2481 549 2537 rationis
567 2498 685 2555 compos
705 2490 799 2557 potest
817 2480 987 2539 auctoritatis
1002 2480 1047 2537 via
1059 2478 1129 2539 fidei
1142 2482 1289 2539 murnum

106 2574 221 2646 assequi
241 2572 392 2647 aliqualem
413 2574 551 2639 notitiam,
566 2591 671 2645 easque
688 2576 765 2631 certo
779 2584 885 2641 terrem,
900 2584 1030 2650 parentes
1051 2576 1171 2643 scilicet,
1186 2584 1216 2633 et
1228 2592 1292 2651 pas·

105 2682 181 2731 tores
196 2690 262 2729 eum
282 2670 386 2731 docent
404 2662 533 2744 quadam
554 2681 697 2743 tamquam
718 2671 752 2728 ab
773 2671 905 2729 Ecclesia
925 2670 981 2731 usi
1000 2690 1116 2747 semper
1138 2682 1169 2729 et
1186 2672 1290 2745 ubique

105 2768 213 2827 tradita.
255 2766 357 2827 Adhuc
378 2788 436 2825 non
458 2768 531 2825 valet
551 2767 596 2824 vel
618 2784 711 2824 rerum
734 2786 799 2839 quae
821 2766 974 2834 traduntur,
993 2766 1035 2824 rel
1060 2778 1289 2844 argumentorum

106 2868 208 2941 quibus
224 2867 385 2943 probantur,
401 2865 546 2923 instituere
561 2864 766 2938 qualecumque
780 2883 916 2933 examen3
937 2882 990 2925 nec
1004 2876 1098 2941 potest
1115 2867 1180 2943 ipse
1193 2885 1289 2935 nosse,

107 2964 239 3040 indagine
254 2964 356 3035 aliqua,
370 2963 530 3021 Ecclesiam
543 2981 639 3019 revera
654 2980 767 3037 semper
780 2974 809 3019 et
821 2962 925 3035 ubique
939 2963 977 3019 ita
987 2962 1105 3019 docere:
1120 2963 1173 3021 sed
1187 2963 1291 3041 pendet

106 3062 266 3119 necessario
294 3079 331 3117 cx
357 3061 454 3136 patris,
484 3060 614 3136 pastoris,
636 3069 664 3117 et
684 3059 801 3117 aliomm
822 3059 994 3118 testimonio.
1036 3058 1182 3118 Ceterum
1203 3080 1289 3134 quum

106 3158 229 3235 primum
244 3158 332 3234 gratia
346 3158 484 3231 aspirante
499 3166 574 3213 certo
589 3154 804 3231 apprehenderit
817 3154 912 3212 Deum
925 3174 978 3231 per
997 3154 1160 3214 Ecclesiam
1181 3156 1220 3214 ita
1240 3156 1288 3215 do-

108 3274 182 3323 cere,
197 3256 281 3313 habet
294 3256 389 3313 omnia
409 3274 471 3327 quar
494 3253 527 3311 ad
551 3236 639 3311 firtem'
658 3262 723 3310 sunt
749 3252 916 3311 necessaria.
958 3253 1131 3328 Proponitur
1150 3254 1290 3313 credenda

106 3374 151 3411 res
166 3354 295 3419 revelata,
310 3363 339 3411 et
351 3354 509 3419 auctoritas,
530 3372 586 3409 uon
608 3350 782 3429 singulorum
797 3350 968 3419 docentium,
982 3350 1034 3409 sed
1047 3352 1133 3409 tutius
1148 3353 1288 3411 Ecclesia

106 3450 162 3507 Dei
177 3450 319 3527 allegatur,
335 3468 397 3521 qua
411 3468 508 3507 revera
521 3449 559 3504 ita
579 3446 672 3505 docet.
712 3446 848 3503 Exterius
869 3446 986 3505 lrabetur
1005 3448 1164 3525 propositio
1186 3450 1293 3507 revela·

106 3548 192 3605 tionis
205 3566 238 3603 ea
252 3547 357 3604 ratione
378 3560 441 3618 que
454 3545 528 3603 artati
544 3554 646 3602 tenere
660 3554 703 3601 est
717 3542 945 3603 accommodata:
966 3544 1084 3603 interius
1097 3544 1179 3604 adest
1192 3548 1288 3623 gratia.

107 3644 213 3701 Omnia
223 3644 307 3719 igitur
318 3644 351 3699 ad
364 3642 449 3700 fidem
464 3642 622 3699 neccssaria
636 3642 781 3700 habentur.

147 3742 296 3799 Examinis
319 3742 500 3817 principium,
523 3738 677 3817 presertim
700 3748 837 3813 quatenus
862 3758 880 3797 a
901 3738 1126 3799 Protestantibus
1149 3744 1287 3812 statuitur,

106 3837 172 3895 fidei
188 3838 304 3897 omnino
319 3836 423 3895 officit:
440 3856 504 3895 nam
514 3836 585 3894 nihil
599 3834 768 3893 credendum
780 3842 825 3892 est
834 3834 889 3892 nisi
900 3844 1104 3912 posteramem
1115 3856 1187 3913 puer
1196 3850 1288 3898 autem

108 3954 164 3993 non
191 3944 282 4010 potest
306 3954 424 3991 exaurcn
453 3934 607 3998 instituere,
632 3951 684 3991 nec
712 3931 851 4009 judicium
875 3950 912 3991 ex
932 3932 1139 4009 scripturarum
1166 3935 1285 3995 lectione

108 4031 230 4096 efficere,
242 4030 316 4103 quod
329 4031 451 4088 strulium
461 4031 584 4106 postulat
593 4028 748 4097 assiduum,
760 4028 981 4106 diligentemque
996 4030 1223 4091 testimoniorum
1232 4034 1286 4092 col·

107 4129 250 4187 lationem.
300 4126 388 4201 Igitur
414 4128 520 4186 haercre
548 4126 631 4185 debct
654 4144 734 4203 puer,
759 4137 787 4186 et
808 4126 894 4185 fidem
914 4126 950 4185 ud
974 4128 1155 4187 maturiorem
1178 4140 1286 4188 setaoem

108 4225 240 4283 deferre.¹
288 4224 320 4279 Si
347 4224 423 4281 enim
450 4224 521 4301 patri
548 4222 593 4280 rel
627 4225 731 4300 pastori
758 4224 852 4281 credat
879 4223 1038 4299 Scripturas
1072 4222 1185 4283 divinas
1212 4245 1285 4293 esse,

107 4330 136 4378 et
149 4320 283 4393 quasdam
298 4321 439 4377 continere
461 4320 589 4377 veritates
611 4320 756 4387 asserenti,
772 4320 834 4397 jam
853 4320 1013 4377 auctoritate
1034 4321 1140 4389 nititur,
1156 4332 1185 4380 et
1203 4323 1285 4399 plane

141 4478 177 4539 (l)
188 4477 278 4528 Fessus
289 4477 448 4527 estCluudius
460 4494 561 4542 puerum
568 4478 772 4537 Protsstanticum
780 4477 837 4527 fidei
846 4476 1022 4527 sctumelioere
1029 4493 1161 4542 nonposse,
1171 4479 1285 4544 ignarum

108 4569 196 4621 autem,
217 4578 265 4612 non
277 4561 429 4611 incredulum
440 4576 496 4611 eum
508 4562 645 4613 habendum
663 4577 716 4611 esse
733 4560 864 4611 contendit
896 4559 959 4609 Vide
974 4560 1124 4612 Conscrence
1136 4563 1168 4613 de
1185 4564 1288 4615 Bossust

109 4662 166 4696 avec
176 4645 275 4694 Claude.
