2738 5032
435 256 491 316 ue
513 257 710 317 uumerus
732 255 914 316 ceurno.
1206 240 1264 331 ιἰρ

83 425 113 470 et
124 412 321 487 quodcumque
340 414 471 491 ligaveris
491 434 577 492 super
597 427 709 483 terram,
730 416 783 473 erit
802 415 918 492 ligatum
938 424 967 473 et
987 415 1017 474 in
1031 414 1119 483 caelis,
1132 425 1163 473 ct
1175 414 1264 488 quod·

83 528 200 583 cumque
214 512 333 568 solveris
347 530 432 587 super
445 521 556 579 terram,
571 514 623 570 erit
643 513 765 570 solutum
786 514 863 570 etin
883 512 991 570 omlis.”
1033 513 1144 579 Simon,
1167 512 1262 589 igitur,

85 617 193 664 mutato.
212 608 338 673 nomine,
359 607 460 667 Petrus
483 627 531 665 seu
556 619 632 683 petra
653 608 814 684 designatus
835 620 887 675 est,
908 619 936 666 et
955 627 1041 685 super
1063 609 1135 667 hanc
1156 620 1264 684 petram

85 703 217 762 Ecclesia
238 714 282 761 est
305 704 449 762 edificata.
492 705 608 772 Habuit,
633 704 747 771 idcirco,
770 726 832 765 eam
853 706 888 763 ad
907 706 1066 764 Ecclesiam
1088 706 1263 772 relationem,

85 819 168 873 quam
176 800 268 858 -habet
280 810 358 876 petra
371 801 406 858 ad
420 800 568 859 edificium
584 803 612 860 iu
627 821 660 859 ea
673 814 807 870 erectum,
819 802 895 875 quod
909 803 1029 869 sustinet
1036 812 1110 861 tanta
1123 803 1263 870 firmitate,

83 908 112 956 ut
126 899 297 957 inruentibus
311 899 457 966 imbribus,
470 899 514 957 vel
528 882 669 965 fluctibus,
682 919 739 958 nou
753 900 841 959 cadat.
883 901 937 958 Est
951 900 1110 977 precipuus
1122 900 1152 957 in
1165 899 1265 958 Eccle-

82 997 131 1064 sia,
143 1017 161 1054 a
171 995 288 1055 Christo
299 998 475 1063 constitutus,
486 998 513 1055 in
526 1010 690 1057 ctcterorum
700 999 869 1065 firmitatem,
880 999 1013 1056 unitatem
1024 999 1114 1075 ipsius
1124 997 1263 1056 Ecclesia}
1327 1024 1330 1029 ·
1350 1030 1353 1037 ·

82 1105 110 1153 et
126 1095 185 1152 virn
200 1113 252 1151 sua
265 1113 282 1151 a
295 1094 412 1153 Christo
425 1094 548 1154 derivata
561 1107 720 1154 sustentans
735 1096 904 1155 fortitudine.
945 1096 1064 1172 Accepit
1077 1097 1156 1173 regni
1169 1095 1264 1153 caeles·

85 1191 120 1248 tis
135 1192 231 1250 claves
242 1193 345 1264 quibus
355 1211 467 1251 summa
477 1204 599 1269 potestas
610 1195 662 1252 sub
675 1213 741 1271 rege
752 1213 885 1272 supremo
895 1194 1042 1252 indicatur.
1082 1194 1131 1251 Sic
1142 1194 1264 1253 Eliacim
1289 1214 1292 1220 ·

86 1289 194 1347 clavem
215 1288 316 1347 domus
337 1288 429 1347 David
452 1290 481 1347 in
502 1289 874 1352 humerolatums'dicitur.
889 1291 965 1364 quod
985 1309 1097 1349 summo
1118 1290 1269 1347 sunctums
1317 1272 1320 1281 ¹

44 1426 55 1431 -
84 1396 159 1443 essct
172 1385 365 1453 Ροιιῑιίιοιιιιι,1
378 1396 407 1443 et
418 1384 551 1444 Christus
564 1388 750 1464 principatum
765 1388 794 1446 in
806 1389 924 1446 humero
935 1388 1089 1455 habitums,
1102 1405 1158 1460 quo
1169 1386 1264 1444 claves
1318 1378 1327 1451 ,i

82 1481 248 1550 ferebantur,
262 1482 387 1540 dicitur.⁸
427 1482 492 1558 lpse
506 1486 591 1541 etiam
605 1484 697 1541 clares
713 1487 811 1541 mortis
825 1495 854 1542 et
866 1485 966 1543 iufcmi
988 1478 1080 1551 habet,
1095 1494 1263 1560 potestatem

84 1580 194 1639 scilicet
203 1584 372 1643 summam.⁸·
408 1580 478 1646 Quae
492 1591 648 1653 sequuntur
661 1580 696 1637 de
709 1581 815 1657 ligandi
829 1593 857 1639 et
870 1583 997 1641 solvendi
1013 1594 1159 1659 potestate,
1174 1580 1265 1657 expli·

82 1689 147 1735 cant
156 1696 318 1754 supremam
331 1676 407 1734 illam
419 1677 539 1736 clarium
551 1678 753 1744 auctoritatem,
762 1679 788 1735 si
797 1679 872 1735 enim
884 1679 1017 1737 habeatur
1024 1680 1094 1736 ratio
1103 1677 1181 1737 modi
1189 1676 1264 1754 apud

87 1784 196 1831 veteres
207 1772 313 1855 ligandi
328 1772 439 1830 suuibus
451 1784 557 1841 vectes,
567 1792 618 1831 seu
632 1792 709 1831 seras
724 1785 876 1849 portarum,
888 1791 939 1830 seu
953 1773 1034 1831 funes
1046 1775 1124 1849 ipsos
1136 1771 1264 1831 solvendi

82 1882 112 1929 nt
130 1870 437 1948 panderentur-porte,
452 1871 611 1929 Ecclesiam
633 1871 780 1929 claudendi
800 1882 829 1929 et
849 1869 992 1946 aperiendi
1016 1870 1141 1927 facultas·
1154 1889 1265 1929 summa
1337 1862 1340 1867 ’

81 1950 243 2034 denotatam
265 1967 291 2023 si
305 1977 398 2023 autem
413 1966 604 2025 Rabbinomm
618 1967 753 2041 loquendi
768 1966 880 2034 modus,
892 1967 941 2039 qui
955 1964 1064 2024 solvere
1077 1965 1174 2023 dicunt
1192 1966 1264 2041 legis

81 2061 204 2133 caedam
217 2061 406 2129 difficultates,
420 2061 517 2139 ligare
530 2080 577 2120 eas
592 2065 664 2121 inter
677 2065 810 2141 ambages
826 2081 994 2140 proponere,
1008 2061 1174 2129 attendatur,
1188 2079 1265 2123 sum·
1341 2049 1348 2059 ⁸

58 2166 160 2218 ‘mum
186 2158 306 2216 docendi
333 2177 436 2216 munus
453 2178 532 2217 -cum¹
550 2160 770 2218 caelesti·afflatu
796 2160 928 2218 traditur:
955 2160 980 2216 si
1004 2160 1113 2236 placeat
1136 2157 1266 2236 solvendi
1338 2158 1355 2207 -ἑ

81 2257 257 2334 metaphora,
271 2257 394 2323 veniam,
415 2255 520 2332 ligandi
542 2260 606 2315 verb
630 2258 848 2334 prohibitionem
870 2256 1036 2334 intelligere,
1055 2258 1139 2315 etiam
1154 2274 1265 2315 summa

82 2355 135 2423 erit
147 2353 343 2430 dispensandi,
351 2365 387 2411 -ct
400 2352 582 2429 praecipiendi
602 2355 766 2413 auctoritas:
788 2355 815 2417 si
833 2353 869 2425 pd
888 2354 1016 2431 ligandos
1031 2355 1187 2430 pertinaces
1201 2373 1266 2413 ceu·

81 2453 169 2518 suris,
183 2462 269 2528 prout
288 2452 326 2529 in¹
337 2452 416 2509 xviii.
432 2453 535 2528 capite,
548 2453 691 2521 reseratur,
706 2463 735 2510 et
753 2452 787 2519 ad
803 2453 952 2511 humilium
973 2453 1084 2511 vincula
1104 2453 1264 2520 relaxanda,

80 2548 229 2625 regiminis
250 2557 373 2624 potestas
399 2567 462 2606 cum
488 2568 632 2624 penarum
656 2550 865 2627 irrogandarum
890 2551 1003 2609 arbitrio
1024 2551 1215 2626 significatur:
1240 2551 1265 2607 si
1348 2578 1353 2601 ι

81 2646 205 2721 denique
219 2645 254 2703 ad
269 2656 445 2721 peccatorum
460 2647 594 2723 ligamina
608 2649 715 2724 placeat
728 2651 812 2706 verba
825 2649 944 2716 referre,
953 2649 1005 2705 erit
1018 2649 1177 2706 remittendi
1191 2667 1226 2705 ea
1239 2660 1267 2705 et

81 2742 222 2811 retinendi
244 2742 331 2799 libera
353 2741 478 2799 facultas.
520 2743 706 2816 Quacumque
729 2745 813 2819 igitur
834 2746 942 2803 ratione
963 2743 1140 2817 explicentur
1158 2742 1266 2799 Christi

80 2841 340 2923 rerba,⁷auctoritas
355 2840 389 2896 iis
404 2839 576 2915 designatur,
585 2844 677 2912 'quam
695 2841 865 2917 singularem
883 2850 990 2896 esseet
1004 2857 1165 2913 supremam
1179 2839 1268 2910 liquet

81 2958 118 2997 ex
132 2958 168 2999 eo
183 2937 260 3010 quod
273 2939 322 2995 uni
336 2939 494 3015 speciatim,
508 2939 537 2995 in
552 2939 618 2995 fidei
632 2950 660 2995 et
673 2938 861 2996 consessionis
884 2937 1029 3013 praemium
1048 2937 1185 3004 tribuitur,
1201 2956 1266 2995 cum

80 3035 202 3093 clavium
227 3034 310 3091 etiam
333 3033 535 3109 adsignatione,
551 3051 613 3105 quae
637 3034 748 3091 culmen
770 3033 910 3106 quoddam
931 3033 1052 3091 honoris
1073 3043 1101 3090 et
1121 3035 1266 3110 potestatis

82 3127 278 3209 designabant.
631 3134 635 3138 ’

122 3227 195 3286 Luc.
211 3227 283 3284 xxii.
299 3230 346 3283 31.
389 3226 421 3303 ln
436 3245 514 3284 caena
527 3228 624 3291 ultima
645 3239 704 3286 orta
725 3238 768 3287 est
787 3229 929 3306 contentio
950 3229 1022 3286 inter
1035 3227 1188 3303 Apostolos
1203 3227 1266 3298 quia

81 3342 179 3382 eorum
196 3322 291 3398 major
304 3333 389 3387 esset,
404 3341 488 3393 quam
510 3322 621 3389 sedavit
633 3323 776 3391 Christus,
792 3324 834 3381 eis
856 3324 1043 3382 humilitatem
1064 3341 1116 3378 suo
1134 3321 1266 3395 exemplo

83 3421 242 3487 insinuans,
257 3419 416 3491 fastumque
431 3429 460 3476 et
473 3417 636 3477 dominandi
656 3420 812 3486 libidinem,
828 3440 890 3492 quae
904 3422 1016 3497 regibus
1036 3416 1266 3493 principibusque

84 3517 217 3575 civilibus
231 3516 346 3583 inest-a
360 3517 418 3579 suis
440 3517 536 3598 procul
557 3535 620 3572 esse
638 3517 750 3592 jubens.
792 3518 924 3592 Regnum
939 3516 1053 3588 quidem
1068 3533 1099 3571 re
1114 3514 1170 3571 illis
1185 3524 1268 3573 testa·

83 3623 182 3675 mento
191 3612 277 3669 veluti
291 3611 383 3688 legare
397 3611 477 3678 dixit,
491 3622 574 3688 prout
587 3613 641 3669 sibi
651 3612 740 3669 -l’ater
754 3612 911 3677 tradiderat,
925 3613 1003 3669 misit
1014 3611 1119 3686 quippe
1134 3629 1184 3669 eos
1195 3612 1268 3693 elcut

83 3730 101 3767 a
122 3710 205 3768 Patre
230 3709 319 3766 suerat
342 3710 472 3769 missuss·
499 3711 582 3766 'l'unc
609 3709 756 3785 Simonem
781 3692 937 3781 alloquens,
962 3728 1065 3785 magno
1090 3727 1154 3766 cum
1181 3690 1267 3768 animi

84 3807 207 3874 affectu„
221 3808 274 3862 ait:
318 3806 456 3889 “Sim'on,
484 3807 595 3874 Simon,
617 3826 682 3864 ecce
706 3807 822 3865 Satanas
845 3806 982 3882 expetivit
1003 3825 1063 3872 ros,
1085 3817 1116 3862 ut
1136 3807 1268 3865 cribraret

84 3904 160 3963 sicut
172 3904 306 3961 triticum.
348 3904 412 3980 Ego
434 3917 526 3961 autern
547 3905 623 3962 oravi
644 3925 694 3981 pro
717 3925 766 3974 Tu,
781 3916 881 3963 utnon
897 3904 1008 3961 deficiat
1027 3903 1097 3960 fides
1112 3913 1174 3972 tna;
1196 3888 1224 3962 et
1237 3916 1266 3962 tu

84 3992 240 4073 aliquando
258 4010 421 4067 conversus,
437 4001 572 4057 confirma
592 4001 688 4058 fratres
709 4001 804 4059 tuos.”
847 4001 879 4059 ln
895 4000 954 4066 illo,
969 3998 1063 4077 igitur,
1077 4019 1174 4077 regno,
1191 4000 1265 4074 quod

86 4097 233 4174 Apostolis
253 4097 384 4155 omnibus
406 4098 619 4165 committebat,⁴
642 4098 741 4155 Petrus
765 4100 871 4175 primus
893 4097 1001 4171 sutums
1022 4108 1089 4164 erat,
1104 4099 1150 4155 cui
1169 4098 1266 4183 ¹fratres

119 4257 156 4317 (l)
174 4255 247 4304 lsaiae
259 4256 302 4302 xii.
312 4253 351 4302 22.

121 4338 158 4399 (2)
176 4338 210 4386 Is.
222 4339 254 4386 ix.
267 4338 290 4385 6.
405 4380 410 4389 ,

120 4422 157 4484 (3)
175 4424 251 4486 Apoc.
264 4423 285 4470 1.
298 4423 335 4470 18.
357 4416 430 4470 'Vide
441 4423 515 4470 etiarn
528 4423 603 4485 Apoc.
615 4424 649 4472 iii.
662 4425 683 4472 7.

117 4505 152 4566 (ι)
171 4505 208 4554 De
225 4520 301 4570 regno
310 4505 338 4553 -in
349 4505 420 4553 torris
438 4521 491 4553 esse
509 4502 647 4555 sermonem
667 4507 731 4559 Beza
750 4508 861 4570 agnoscit
877 4524 907 4557 ex
926 4509 978 4573 ipsa
995 4509 1115 4558 dictorum
1133 4500 1268 4566 occasione,

87 4602 175 4650 nempe
187 4587 216 4635 de
228 4588 331 4650 primatu
345 4587 506 4635 contentione.
538 4587 599 4635 Vide
610 4588 741 4652 Synopsim
752 4589 897 4666 Criticorum
911 4592 935 4641 in
948 4592 992 4640 loc.
1328 4584 1330 4589 ¹
