<?xml version="1.0" encoding="UTF-8"?>
<!DOCTYPE html PUBLIC "-//W3C//DTD XHTML 1.0 Transitional//EN"
    "http://www.w3.org/TR/xhtml1/DTD/xhtml1-transitional.dtd">
<html xmlns="http://www.w3.org/1999/xhtml" xml:lang="en" lang="en">
 <head>
  <title>
</title>
<meta http-equiv="Content-Type" content="text/html;charset=utf-8" />
  <meta name='ocr-system' content='tesseract 3.04.00' />
  <meta name='ocr-capabilities' content='ocr_page ocr_carea ocr_par ocr_line ocrx_word'/>
</head>
<body>
  <div class='ocr_page' id='page_1' title='image "./theologidogmati00kenrgoog_0356.png"; bbox 0 0 2738 5032; ppageno 0'>
   <div class='ocr_carea' id='block_1_1' title="bbox 510 271 1279 354">
    <p class='ocr_par' dir='ltr' id='par_1_1' title="bbox 510 271 1279 354">
     <span class='ocr_line' id='line_1_1' title="bbox 510 271 1279 354; baseline 0 -20"><span class='ocrx_word' id='word_1_1' title='bbox 510 273 566 334; x_wconf 82' lang='lat' dir='ltr'><strong>ns</strong></span> <span class='ocrx_word' id='word_1_2' title='bbox 587 271 856 335; x_wconf 78' lang='lat' dir='ltr'><strong>ratumena.</strong></span> <span class='ocrx_word' id='word_1_3' title='bbox 1085 308 1088 313; x_wconf 52' lang='lat'>&gt;</span> <span class='ocrx_word' id='word_1_4' title='bbox 1190 277 1279 354; x_wconf 59' lang='lat'><strong>{2⁸⁴⁰</strong></span> 
     </span>
    </p>
   </div>
   <div class='ocr_carea' id='block_1_2' title="bbox 53 429 1283 1971">
    <p class='ocr_par' dir='ltr' id='par_1_2' title="bbox 53 429 1283 1971">
     <span class='ocr_line' id='line_1_2' title="bbox 83 429 1276 513; baseline 0.003 -20"><span class='ocrx_word' id='word_1_5' title='bbox 83 430 150 493; x_wconf 80' lang='lat' dir='ltr'><strong>olei</strong></span> <span class='ocrx_word' id='word_1_6' title='bbox 164 429 335 495; x_wconf 86' lang='lat' dir='ltr'><strong>illitiouem”</strong></span> <span class='ocrx_word' id='word_1_7' title='bbox 349 450 537 511; x_wconf 83' lang='lat' dir='ltr'><strong>usurpamus:</strong></span> <span class='ocrx_word' id='word_1_8' title='bbox 559 433 618 492; x_wconf 92' lang='lat' dir='ltr'><strong>imo</strong></span> <span class='ocrx_word' id='word_1_9' title='bbox 633 431 770 506; x_wconf 75' lang='lat' dir='ltr'><strong>“reliqua</strong></span> <span class='ocrx_word' id='word_1_10' title='bbox 782 432 850 491; x_wconf 88' lang='lat' dir='ltr'><strong>item</strong></span> <span class='ocrx_word' id='word_1_11' title='bbox 864 434 1015 506; x_wconf 76' lang='lat' dir='ltr'><strong>quocirca</strong></span> <span class='ocrx_word' id='word_1_12' title='bbox 1031 434 1171 513; x_wconf 84' lang='lat' dir='ltr'><strong>baptisma</strong></span> <span class='ocrx_word' id='word_1_13' title='bbox 1194 435 1276 505; x_wconf 83' lang='lat' dir='ltr'><strong>fiunt,</strong></span> 
     </span>
     <span class='ocr_line' id='line_1_3' title="bbox 83 527 1277 609; baseline 0.003 -21"><span class='ocrx_word' id='word_1_14' title='bbox 83 529 261 589; x_wconf 80' lang='lat' dir='ltr'><strong>renunciare</strong></span> <span class='ocrx_word' id='word_1_15' title='bbox 275 530 386 589; x_wconf 78' lang='lat' dir='ltr'><strong>Satanae</strong></span> <span class='ocrx_word' id='word_1_16' title='bbox 407 540 436 588; x_wconf 90' lang='lat' dir='ltr'><strong>at</strong></span> <span class='ocrx_word' id='word_1_17' title='bbox 456 529 565 606; x_wconf 78' lang='lat' dir='ltr'><strong>angelis</strong></span> <span class='ocrx_word' id='word_1_18' title='bbox 587 528 671 607; x_wconf 89' lang='lat' dir='ltr'><strong>ejns”</strong></span> <span class='ocrx_word' id='word_1_19' title='bbox 692 527 767 606; x_wconf 91' lang='lat' dir='ltr'><strong>apud</strong></span> <span class='ocrx_word' id='word_1_20' title='bbox 788 548 841 588; x_wconf 91' lang='lat' dir='ltr'><strong>nos</strong></span> <span class='ocrx_word' id='word_1_21' title='bbox 863 528 995 609; x_wconf 73' lang='lat' dir='ltr'><strong>religiose</strong></span> <span class='ocrx_word' id='word_1_22' title='bbox 1016 544 1179 600; x_wconf 80' lang='lat' dir='ltr'><strong>serranturt</strong></span> <span class='ocrx_word' id='word_1_23' title='bbox 1200 531 1277 606; x_wconf 88' lang='lat' dir='ltr'><strong>quod</strong></span> 
     </span>
     <span class='ocr_line' id='line_1_4' title="bbox 84 625 1277 706; baseline 0 -19"><span class='ocrx_word' id='word_1_24' title='bbox 84 636 191 687; x_wconf 81' lang='lat' dir='ltr'><strong>autom</strong></span> <span class='ocrx_word' id='word_1_25' title='bbox 209 625 394 686; x_wconf 85' lang='lat' dir='ltr'><strong>adorientem</strong></span> <span class='ocrx_word' id='word_1_26' title='bbox 407 626 537 685; x_wconf 81' lang='lat' dir='ltr'><strong>conversi</strong></span> <span class='ocrx_word' id='word_1_27' title='bbox 550 644 608 687; x_wconf 89' lang='lat' dir='ltr'><strong>non</strong></span> <span class='ocrx_word' id='word_1_28' title='bbox 621 625 712 683; x_wconf 87' lang='lat' dir='ltr'><strong>simus</strong></span> <span class='ocrx_word' id='word_1_29' title='bbox 725 634 847 694; x_wconf 89' lang='lat' dir='ltr'><strong>orantes,</strong></span> <span class='ocrx_word' id='word_1_30' title='bbox 859 627 904 684; x_wconf 82' lang='lat' dir='ltr'><strong>vel</strong></span> <span class='ocrx_word' id='word_1_31' title='bbox 916 627 1098 688; x_wconf 74' lang='lat' dir='ltr'><strong>immersione</strong></span> <span class='ocrx_word' id='word_1_32' title='bbox 1110 629 1277 706; x_wconf 86' lang='lat' dir='ltr'><strong>plerumque</strong></span> 
     </span>
     <span class='ocr_line' id='line_1_5' title="bbox 53 721 1277 801; baseline 0 -17"><span class='ocrx_word' id='word_1_33' title='bbox 53 766 57 773; x_wconf 78' lang='lat'><strong>,</strong></span> <span class='ocrx_word' id='word_1_34' title='bbox 82 742 153 784; x_wconf 81' lang='lat' dir='ltr'><strong>mon</strong></span> <span class='ocrx_word' id='word_1_35' title='bbox 167 731 289 791; x_wconf 76' lang='lat' dir='ltr'><strong>aanor,</strong></span> <span class='ocrx_word' id='word_1_36' title='bbox 308 723 412 781; x_wconf 91' lang='lat' dir='ltr'><strong>rituum</strong></span> <span class='ocrx_word' id='word_1_37' title='bbox 437 721 624 796; x_wconf 88' lang='lat' dir='ltr'><strong>quorumdam</strong></span> <span class='ocrx_word' id='word_1_38' title='bbox 645 731 689 781; x_wconf 89' lang='lat' dir='ltr'><strong>cst</strong></span> <span class='ocrx_word' id='word_1_39' title='bbox 706 722 824 781; x_wconf 89' lang='lat' dir='ltr'><strong>mutatio</strong></span> <span class='ocrx_word' id='word_1_40' title='bbox 848 723 894 782; x_wconf 84' lang='lat' dir='ltr'><strong>vel</strong></span> <span class='ocrx_word' id='word_1_41' title='bbox 914 723 1069 801; x_wconf 76' lang='lat' dir='ltr'><strong>neglectus,</strong></span> <span class='ocrx_word' id='word_1_42' title='bbox 1084 727 1191 800; x_wconf 89' lang='lat' dir='ltr'><strong>absque</strong></span> <span class='ocrx_word' id='word_1_43' title='bbox 1210 724 1277 784; x_wconf 84' lang='lat' dir='ltr'><strong>fidei</strong></span> 
     </span>
     <span class='ocr_line' id='line_1_6' title="bbox 87 815 1280 900; baseline 0.002 -19"><span class='ocrx_word' id='word_1_44' title='bbox 87 819 260 900; x_wconf 83' lang='lat' dir='ltr'><strong>dispendio.</strong></span> <span class='ocrx_word' id='word_1_45' title='bbox 302 815 375 880; x_wconf 90' lang='lat' dir='ltr'><strong>Non</strong></span> <span class='ocrx_word' id='word_1_46' title='bbox 392 821 489 880; x_wconf 90' lang='lat' dir='ltr'><strong>omnia</strong></span> <span class='ocrx_word' id='word_1_47' title='bbox 510 819 572 879; x_wconf 77' lang='lat' dir='ltr'><strong>herc</strong></span> <span class='ocrx_word' id='word_1_48' title='bbox 594 821 718 879; x_wconf 82' lang='lat' dir='ltr'><strong>Basilius</strong></span> <span class='ocrx_word' id='word_1_49' title='bbox 743 820 887 880; x_wconf 82' lang='lat' dir='ltr'><strong>contendit</strong></span> <span class='ocrx_word' id='word_1_50' title='bbox 904 821 980 897; x_wconf 88' lang='lat' dir='ltr'><strong>paris</strong></span> <span class='ocrx_word' id='word_1_51' title='bbox 1002 839 1066 880; x_wconf 89' lang='lat' dir='ltr'><strong>esse</strong></span> <span class='ocrx_word' id='word_1_52' title='bbox 1089 828 1154 882; x_wconf 84' lang='lat' dir='ltr'><strong>cum</strong></span> <span class='ocrx_word' id='word_1_53' title='bbox 1181 823 1280 883; x_wconf 77' lang='lat' dir='ltr'><strong>divino</strong></span> 
     </span>
     <span class='ocr_line' id='line_1_7' title="bbox 86 916 1279 996; baseline 0.003 -19"><span class='ocrx_word' id='word_1_54' title='bbox 86 918 185 977; x_wconf 80' lang='lat' dir='ltr'><strong>verbo</strong></span> <span class='ocrx_word' id='word_1_55' title='bbox 207 916 389 987; x_wconf 85' lang='lat' dir='ltr'><strong>auctoritatis,</strong></span> <span class='ocrx_word' id='word_1_56' title='bbox 410 916 463 976; x_wconf 91' lang='lat' dir='ltr'><strong>sed</strong></span> <span class='ocrx_word' id='word_1_57' title='bbox 483 917 617 996; x_wconf 84' lang='lat' dir='ltr'><strong>pluribus</strong></span> <span class='ocrx_word' id='word_1_58' title='bbox 636 935 706 975; x_wconf 90' lang='lat' dir='ltr'><strong>usus</strong></span> <span class='ocrx_word' id='word_1_59' title='bbox 729 927 775 975; x_wconf 90' lang='lat' dir='ltr'><strong>est</strong></span> <span class='ocrx_word' id='word_1_60' title='bbox 797 918 948 995; x_wconf 83' lang='lat' dir='ltr'><strong>exemplis,</strong></span> <span class='ocrx_word' id='word_1_61' title='bbox 963 928 995 976; x_wconf 94' lang='lat' dir='ltr'><strong>ut</strong></span> <span class='ocrx_word' id='word_1_62' title='bbox 1017 918 1178 978; x_wconf 84' lang='lat' dir='ltr'><strong>ostenderet</strong></span> <span class='ocrx_word' id='word_1_63' title='bbox 1190 930 1279 981; x_wconf 81' lang='lat' dir='ltr'><strong>“non</strong></span> 
     </span>
     <span class='ocr_line' id='line_1_8' title="bbox 90 1013 1279 1097; baseline 0.002 -21"><span class='ocrx_word' id='word_1_64' title='bbox 90 1016 207 1094; x_wconf 82' lang='lat' dir='ltr'><strong>scripto</strong></span> <span class='ocrx_word' id='word_1_65' title='bbox 220 1013 346 1092; x_wconf 86' lang='lat' dir='ltr'><strong>proditas</strong></span> <span class='ocrx_word' id='word_1_66' title='bbox 368 1013 609 1075; x_wconf 86' lang='lat' dir='ltr'><strong>cousuetudincs”</strong></span> <span class='ocrx_word' id='word_1_67' title='bbox 632 1033 733 1074; x_wconf 85' lang='lat' dir='ltr'><strong>omues</strong></span> <span class='ocrx_word' id='word_1_68' title='bbox 746 1015 853 1089; x_wconf 89' lang='lat' dir='ltr'><strong>absque</strong></span> <span class='ocrx_word' id='word_1_69' title='bbox 867 1015 1029 1075; x_wconf 68' lang='lat' dir='ltr'><strong>discrmim</strong></span> <span class='ocrx_word' id='word_1_70' title='bbox 1044 1017 1162 1094; x_wconf 87' lang='lat' dir='ltr'><strong>rejicere</strong></span> <span class='ocrx_word' id='word_1_71' title='bbox 1177 1026 1197 1056; x_wconf 81' lang='lat'><strong>‘⁴</strong></span> <span class='ocrx_word' id='word_1_72' title='bbox 1207 1019 1279 1097; x_wconf 86' lang='lat' dir='ltr'><strong>ipsis</strong></span> 
     </span>
     <span class='ocr_line' id='line_1_9' title="bbox 88 1111 1280 1194; baseline 0.003 -21"><span class='ocrx_word' id='word_1_73' title='bbox 88 1113 300 1194; x_wconf 85' lang='lat' dir='ltr'><strong>principalibus</strong></span> <span class='ocrx_word' id='word_1_74' title='bbox 319 1111 470 1192; x_wconf 76' lang='lat' dir='ltr'><strong>Evangelii</strong></span> <span class='ocrx_word' id='word_1_75' title='bbox 483 1112 608 1191; x_wconf 90' lang='lat' dir='ltr'><strong>partibus</strong></span> <span class='ocrx_word' id='word_1_76' title='bbox 622 1112 757 1173; x_wconf 89' lang='lat' dir='ltr'><strong>damnum</strong></span> <span class='ocrx_word' id='word_1_77' title='bbox 768 1113 905 1182; x_wconf 88' lang='lat' dir='ltr'><strong>inferre,”</strong></span> <span class='ocrx_word' id='word_1_78' title='bbox 917 1132 983 1173; x_wconf 90' lang='lat' dir='ltr'><strong>nam</strong></span> <span class='ocrx_word' id='word_1_79' title='bbox 998 1113 1161 1192; x_wconf 75' lang='lat' dir='ltr'><strong>udogmata</strong></span> <span class='ocrx_word' id='word_1_80' title='bbox 1173 1135 1236 1190; x_wconf 72' lang='lat' dir='ltr'><strong>quo</strong></span> <span class='ocrx_word' id='word_1_81' title='bbox 1249 1118 1280 1178; x_wconf 89' lang='lat' dir='ltr'><strong>in</strong></span> 
     </span>
     <span class='ocr_line' id='line_1_10' title="bbox 90 1194 1279 1288; baseline 0.002 -19"><span class='ocrx_word' id='word_1_82' title='bbox 90 1210 231 1275; x_wconf 75' lang='lat' dir='ltr'><strong>Ecclesia</strong></span> <span class='ocrx_word' id='word_1_83' title='bbox 243 1194 389 1269; x_wconf 72' lang='lat' dir='ltr'><strong>servantis·</strong></span> <span class='ocrx_word' id='word_1_84' title='bbox 401 1229 436 1270; x_wconf 92' lang='lat' dir='ltr'><strong>ac</strong></span> <span class='ocrx_word' id='word_1_85' title='bbox 444 1209 641 1287; x_wconf 76' lang='lat' dir='ltr'><strong>praedicantur,</strong></span> <span class='ocrx_word' id='word_1_86' title='bbox 655 1210 756 1288; x_wconf 87' lang='lat' dir='ltr'><strong>partim</strong></span> <span class='ocrx_word' id='word_1_87' title='bbox 769 1228 807 1273; x_wconf 85' lang='lat' dir='ltr'><strong>ex</strong></span> <span class='ocrx_word' id='word_1_88' title='bbox 820 1211 980 1287; x_wconf 87' lang='lat' dir='ltr'><strong>conscripta</strong></span> <span class='ocrx_word' id='word_1_89' title='bbox 992 1209 1119 1269; x_wconf 90' lang='lat' dir='ltr'><strong>doctrina</strong></span> <span class='ocrx_word' id='word_1_90' title='bbox 1131 1212 1279 1283; x_wconf 87' lang='lat' dir='ltr'><strong>babemus,</strong></span> 
     </span>
     <span class='ocr_line' id='line_1_11' title="bbox 92 1307 1279 1388; baseline 0.001 -20"><span class='ocrx_word' id='word_1_91' title='bbox 92 1308 200 1388; x_wconf 88' lang='lat' dir='ltr'><strong>partim</strong></span> <span class='ocrx_word' id='word_1_92' title='bbox 215 1327 252 1367; x_wconf 79' lang='lat' dir='ltr'><strong>ex</strong></span> <span class='ocrx_word' id='word_1_93' title='bbox 277 1308 477 1386; x_wconf 76' lang='lat' dir='ltr'><strong>Apostolorum</strong></span> <span class='ocrx_word' id='word_1_94' title='bbox 492 1307 639 1367; x_wconf 78' lang='lat' dir='ltr'><strong>traditione</strong></span> <span class='ocrx_word' id='word_1_95' title='bbox 660 1308 696 1367; x_wconf 88' lang='lat' dir='ltr'><strong>ad</strong></span> <span class='ocrx_word' id='word_1_96' title='bbox 717 1327 769 1367; x_wconf 83' lang='lat' dir='ltr'><strong>nou</strong></span> <span class='ocrx_word' id='word_1_97' title='bbox 792 1307 883 1368; x_wconf 91' lang='lat' dir='ltr'><strong>delata</strong></span> <span class='ocrx_word' id='word_1_98' title='bbox 901 1309 931 1367; x_wconf 91' lang='lat' dir='ltr'><strong>in</strong></span> <span class='ocrx_word' id='word_1_99' title='bbox 945 1309 1083 1386; x_wconf 83' lang='lat' dir='ltr'><strong>mysterio</strong></span> <span class='ocrx_word' id='word_1_100' title='bbox 1100 1310 1279 1387; x_wconf 82' lang='lat' dir='ltr'><strong>recepimus:</strong></span> 
     </span>
     <span class='ocr_line' id='line_1_12' title="bbox 96 1405 1283 1484; baseline 0.002 -17"><span class='ocrx_word' id='word_1_101' title='bbox 96 1424 168 1482; x_wconf 78' lang='lat' dir='ltr'><strong>qoae</strong></span> <span class='ocrx_word' id='word_1_102' title='bbox 182 1415 300 1481; x_wconf 80' lang='lat' dir='ltr'><strong>utraque</strong></span> <span class='ocrx_word' id='word_1_103' title='bbox 315 1405 434 1467; x_wconf 87' lang='lat' dir='ltr'><strong>eandem</strong></span> <span class='ocrx_word' id='word_1_104' title='bbox 447 1405 483 1464; x_wconf 88' lang='lat' dir='ltr'><strong>sd</strong></span> <span class='ocrx_word' id='word_1_105' title='bbox 500 1406 633 1484; x_wconf 87' lang='lat' dir='ltr'><strong>pietatem</strong></span> <span class='ocrx_word' id='word_1_106' title='bbox 647 1406 832 1475; x_wconf 84' lang='lat' dir='ltr'><strong>vimhabent,</strong></span> <span class='ocrx_word' id='word_1_107' title='bbox 846 1417 875 1466; x_wconf 90' lang='lat' dir='ltr'><strong>et</strong></span> <span class='ocrx_word' id='word_1_108' title='bbox 888 1426 973 1467; x_wconf 90' lang='lat' dir='ltr'><strong>nemo</strong></span> <span class='ocrx_word' id='word_1_109' title='bbox 986 1408 1032 1467; x_wconf 91' lang='lat' dir='ltr'><strong>his</strong></span> <span class='ocrx_word' id='word_1_110' title='bbox 1052 1407 1220 1467; x_wconf 88' lang='lat' dir='ltr'><strong>contradicit</strong></span> <span class='ocrx_word' id='word_1_111' title='bbox 1231 1409 1283 1482; x_wconf 82' lang='lat' dir='ltr'><strong>qut</strong></span> 
     </span>
     <span class='ocr_line' id='line_1_13' title="bbox 97 1501 1282 1584; baseline 0 -20"><span class='ocrx_word' id='word_1_112' title='bbox 97 1504 146 1564; x_wconf 77' lang='lat' dir='ltr'><strong>tel</strong></span> <span class='ocrx_word' id='word_1_113' title='bbox 158 1502 300 1564; x_wconf 91' lang='lat' dir='ltr'><strong>modicam</strong></span> <span class='ocrx_word' id='word_1_114' title='bbox 313 1502 413 1562; x_wconf 88' lang='lat' dir='ltr'><strong>saltem</strong></span> <span class='ocrx_word' id='word_1_115' title='bbox 427 1501 694 1565; x_wconf 85' lang='lat' dir='ltr'><strong>Ecclesiasticurum</strong></span> <span class='ocrx_word' id='word_1_116' title='bbox 712 1503 820 1580; x_wconf 83' lang='lat' dir='ltr'><strong>jurium</strong></span> <span class='ocrx_word' id='word_1_117' title='bbox 834 1505 1037 1582; x_wconf 80' lang='lat' dir='ltr'><strong>experientiam</strong></span> <span class='ocrx_word' id='word_1_118' title='bbox 1056 1504 1188 1564; x_wconf 83' lang='lat' dir='ltr'><strong>babet.”²</strong></span> <span class='ocrx_word' id='word_1_119' title='bbox 1225 1506 1282 1584; x_wconf 75' lang='lat' dir='ltr'><strong>Igi-</strong></span> 
     </span>
     <span class='ocr_line' id='line_1_14' title="bbox 98 1594 1282 1679; baseline 0.002 -19"><span class='ocrx_word' id='word_1_120' title='bbox 98 1610 143 1660; x_wconf 84' lang='lat' dir='ltr'><strong>tur</strong></span> <span class='ocrx_word' id='word_1_121' title='bbox 157 1602 288 1679; x_wconf 77' lang='lat' dir='ltr'><strong>egregius</strong></span> <span class='ocrx_word' id='word_1_122' title='bbox 303 1599 351 1659; x_wconf 90' lang='lat' dir='ltr'><strong>ille</strong></span> <span class='ocrx_word' id='word_1_123' title='bbox 364 1599 462 1659; x_wconf 82' lang='lat' dir='ltr'><strong>doctor</strong></span> <span class='ocrx_word' id='word_1_124' title='bbox 475 1598 632 1659; x_wconf 78' lang='lat' dir='ltr'><strong>traditionis</strong></span> <span class='ocrx_word' id='word_1_125' title='bbox 642 1599 701 1659; x_wconf 83' lang='lat' dir='ltr'><strong>rim</strong></span> <span class='ocrx_word' id='word_1_126' title='bbox 711 1599 903 1659; x_wconf 80' lang='lat' dir='ltr'><strong>inviolabilem</strong></span> <span class='ocrx_word' id='word_1_127' title='bbox 917 1602 947 1660; x_wconf 88' lang='lat' dir='ltr'><strong>in</strong></span> <span class='ocrx_word' id='word_1_128' title='bbox 955 1600 1135 1679; x_wconf 77' lang='lat' dir='ltr'><strong>dogmatibus</strong></span> <span class='ocrx_word' id='word_1_129' title='bbox 1147 1594 1282 1669; x_wconf 81' lang='lat' dir='ltr'><strong>defendit,</strong></span> 
     </span>
     <span class='ocr_line' id='line_1_15' title="bbox 98 1696 1282 1776; baseline 0.003 -19"><span class='ocrx_word' id='word_1_130' title='bbox 98 1709 263 1776; x_wconf 80' lang='lat' dir='ltr'><strong>argumento</strong></span> <span class='ocrx_word' id='word_1_131' title='bbox 277 1696 445 1776; x_wconf 37' lang='lat' dir='ltr'><strong>exnreoeptis</strong></span> <span class='ocrx_word' id='word_1_132' title='bbox 456 1697 614 1774; x_wconf 79' lang='lat' dir='ltr'><strong>agnitisque</strong></span> <span class='ocrx_word' id='word_1_133' title='bbox 624 1696 699 1774; x_wconf 91' lang='lat' dir='ltr'><strong>apud</strong></span> <span class='ocrx_word' id='word_1_134' title='bbox 712 1715 812 1756; x_wconf 89' lang='lat' dir='ltr'><strong>omnes</strong></span> <span class='ocrx_word' id='word_1_135' title='bbox 823 1696 952 1774; x_wconf 88' lang='lat' dir='ltr'><strong>plurimis</strong></span> <span class='ocrx_word' id='word_1_136' title='bbox 961 1699 1217 1760; x_wconf 84' lang='lat' dir='ltr'><strong>consuetudinibus</strong></span> <span class='ocrx_word' id='word_1_137' title='bbox 1223 1702 1282 1761; x_wconf 91' lang='lat' dir='ltr'><strong>riti·</strong></span> 
     </span>
     <span class='ocr_line' id='line_1_16' title="bbox 99 1793 1283 1876; baseline 0.004 -22"><span class='ocrx_word' id='word_1_138' title='bbox 99 1794 209 1869; x_wconf 86' lang='lat' dir='ltr'><strong>busque</strong></span> <span class='ocrx_word' id='word_1_139' title='bbox 221 1795 318 1864; x_wconf 87' lang='lat' dir='ltr'><strong>sacris,</strong></span> <span class='ocrx_word' id='word_1_140' title='bbox 330 1794 392 1853; x_wconf 86' lang='lat' dir='ltr'><strong>sola</strong></span> <span class='ocrx_word' id='word_1_141' title='bbox 404 1793 551 1853; x_wconf 82' lang='lat' dir='ltr'><strong>traditione</strong></span> <span class='ocrx_word' id='word_1_142' title='bbox 565 1793 671 1854; x_wconf 85' lang='lat' dir='ltr'><strong>innixis</strong></span> <span class='ocrx_word' id='word_1_143' title='bbox 683 1814 692 1852; x_wconf 82' lang='grc' dir='ltr'><strong>ι</strong></span> <span class='ocrx_word' id='word_1_144' title='bbox 714 1794 849 1875; x_wconf 79' lang='lat' dir='ltr'><strong>dogmata·</strong></span> <span class='ocrx_word' id='word_1_145' title='bbox 858 1805 962 1862; x_wconf 87' lang='lat' dir='ltr'><strong>autem,</strong></span> <span class='ocrx_word' id='word_1_146' title='bbox 974 1813 1032 1855; x_wconf 89' lang='lat' dir='ltr'><strong>non</strong></span> <span class='ocrx_word' id='word_1_147' title='bbox 1045 1796 1126 1868; x_wconf 91' lang='lat' dir='ltr'><strong>ritus,</strong></span> <span class='ocrx_word' id='word_1_148' title='bbox 1137 1817 1235 1876; x_wconf 90' lang='lat' dir='ltr'><strong>parem</strong></span> <span class='ocrx_word' id='word_1_149' title='bbox 1246 1798 1283 1858; x_wconf 83' lang='lat' dir='ltr'><strong>atl</strong></span> 
     </span>
     <span class='ocr_line' id='line_1_17' title="bbox 99 1889 949 1971; baseline -0.002 -20"><span class='ocrx_word' id='word_1_150' title='bbox 99 1892 235 1971; x_wconf 84' lang='lat' dir='ltr'><strong>pietatem</strong></span> <span class='ocrx_word' id='word_1_151' title='bbox 249 1892 387 1952; x_wconf 73' lang='lat' dir='ltr'><strong>mineum</strong></span> <span class='ocrx_word' id='word_1_152' title='bbox 400 1891 472 1969; x_wconf 86' lang='lat' dir='ltr'><strong>ipsis</strong></span> <span class='ocrx_word' id='word_1_153' title='bbox 484 1891 639 1970; x_wconf 77' lang='lat' dir='ltr'><strong>Scriptura</strong></span> <span class='ocrx_word' id='word_1_154' title='bbox 652 1893 745 1952; x_wconf 84' lang='lat' dir='ltr'><strong>verbis</strong></span> <span class='ocrx_word' id='word_1_155' title='bbox 758 1891 861 1951; x_wconf 87' lang='lat' dir='ltr'><strong>babere</strong></span> <span class='ocrx_word' id='word_1_156' title='bbox 871 1889 949 1961; x_wconf 78' lang='lat' dir='ltr'><strong>dioit,</strong></span> 
     </span>
    </p>
   </div>
   <div class='ocr_carea' id='block_1_3' title="bbox 534 2061 803 2129">
    <p class='ocr_par' dir='ltr' id='par_1_3' title="bbox 534 2061 803 2129">
     <span class='ocr_line' id='line_1_18' title="bbox 534 2061 803 2129; baseline 0 -2"><span class='ocrx_word' id='word_1_157' title='bbox 534 2061 538 2067; x_wconf 74' lang='grc'><em>’</em></span> <span class='ocrx_word' id='word_1_158' title='bbox 579 2070 749 2129; x_wconf 79' lang='lat' dir='ltr'><strong>eaorosrrto</strong></span> <span class='ocrx_word' id='word_1_159' title='bbox 768 2086 803 2128; x_wconf 88' lang='lat' dir='ltr'><strong>tr.</strong></span> 
     </span>
    </p>
   </div>
   <div class='ocr_carea' id='block_1_4' title="bbox 53 2221 1286 4249">
    <p class='ocr_par' dir='ltr' id='par_1_4' title="bbox 97 2221 1283 2499">
     <span class='ocr_line' id='line_1_19' title="bbox 142 2221 1283 2309; baseline 0.009 -29"><span class='ocrx_word' id='word_1_160' title='bbox 142 2221 320 2282; x_wconf 81' lang='lat' dir='ltr'><strong>Certissimis</strong></span> <span class='ocrx_word' id='word_1_161' title='bbox 335 2221 504 2282; x_wconf 80' lang='lat' dir='ltr'><strong>testimoniis</strong></span> <span class='ocrx_word' id='word_1_162' title='bbox 514 2232 623 2282; x_wconf 84' lang='lat' dir='ltr'><strong>constat</strong></span> <span class='ocrx_word' id='word_1_163' title='bbox 631 2233 717 2284; x_wconf 88' lang='lat' dir='ltr'><strong>totam</strong></span> <span class='ocrx_word' id='word_1_164' title='bbox 729 2224 837 2283; x_wconf 83' lang='lat' dir='ltr'><strong>Christi</strong></span> <span class='ocrx_word' id='word_1_165' title='bbox 846 2224 1001 2287; x_wconf 82' lang='lat' dir='ltr'><strong>doctrinam</strong></span> <span class='ocrx_word' id='word_1_166' title='bbox 1012 2247 1069 2287; x_wconf 92' lang='lat' dir='ltr'><strong>non</strong></span> <span class='ocrx_word' id='word_1_167' title='bbox 1081 2227 1168 2288; x_wconf 83' lang='lat' dir='ltr'><strong>fuisse</strong></span> <span class='ocrx_word' id='word_1_168' title='bbox 1177 2230 1283 2309; x_wconf 89' lang='lat' dir='ltr'><strong>scripto</strong></span> 
     </span>
     <span class='ocr_line' id='line_1_20' title="bbox 98 2318 1283 2399; baseline 0.006 -18"><span class='ocrx_word' id='word_1_169' title='bbox 98 2320 298 2398; x_wconf 80' lang='lat' dir='ltr'><strong>consignatam</strong></span> <span class='ocrx_word' id='word_1_170' title='bbox 313 2320 431 2380; x_wconf 86' lang='lat' dir='ltr'><strong>asacris</strong></span> <span class='ocrx_word' id='word_1_171' title='bbox 445 2319 524 2380; x_wconf 84' lang='lat' dir='ltr'><strong>Nori</strong></span> <span class='ocrx_word' id='word_1_172' title='bbox 537 2320 715 2380; x_wconf 82' lang='lat' dir='ltr'><strong>Testamenti</strong></span> <span class='ocrx_word' id='word_1_173' title='bbox 735 2321 929 2398; x_wconf 82' lang='lat' dir='ltr'><strong>scriptoribus,</strong></span> <span class='ocrx_word' id='word_1_174' title='bbox 944 2323 994 2382; x_wconf 93' lang='lat' dir='ltr'><strong>sed</strong></span> <span class='ocrx_word' id='word_1_175' title='bbox 1010 2318 1138 2399; x_wconf 77' lang='lat' dir='ltr'><strong>quadam</strong></span> <span class='ocrx_word' id='word_1_176' title='bbox 1150 2326 1283 2388; x_wconf 74' lang='lat' dir='ltr'><strong>doctrinm</strong></span> 
     </span>
     <span class='ocr_line' id='line_1_21' title="bbox 97 2418 1166 2505; baseline 0.003 -25"><span class='ocrx_word' id='word_1_177' title='bbox 97 2420 205 2499; x_wconf 87' lang='lat' dir='ltr'><strong>capita,</strong></span> <span class='ocrx_word' id='word_1_178' title='bbox 221 2418 285 2478; x_wconf 79' lang='lat' dir='ltr'><strong>siva</strong></span> <span class='ocrx_word' id='word_1_179' title='bbox 298 2437 368 2479; x_wconf 81' lang='lat' dir='ltr'><strong>uoce</strong></span> <span class='ocrx_word' id='word_1_180' title='bbox 384 2430 491 2479; x_wconf 91' lang='lat' dir='ltr'><strong>tantum</strong></span> <span class='ocrx_word' id='word_1_181' title='bbox 505 2428 534 2478; x_wconf 89' lang='lat' dir='ltr'><strong>et</strong></span> <span class='ocrx_word' id='word_1_182' title='bbox 546 2419 704 2505; x_wconf 78' lang='lat' dir='ltr'><strong>Apostolici</strong></span> <span class='ocrx_word' id='word_1_183' title='bbox 717 2419 867 2481; x_wconf 88' lang='lat' dir='ltr'><strong>ministerii</strong></span> <span class='ocrx_word' id='word_1_184' title='bbox 880 2439 976 2497; x_wconf 83' lang='lat' dir='ltr'><strong>opera,</strong></span> <span class='ocrx_word' id='word_1_185' title='bbox 992 2424 1166 2484; x_wconf 90' lang='lat' dir='ltr'><strong>transmissa.</strong></span> 
     </span>
    </p>

    <p class='ocr_par' dir='ltr' id='par_1_5' title="bbox 55 2510 1285 3166">
     <span class='ocr_line' id='line_1_22' title="bbox 144 2510 1284 2605; baseline 0.009 -29"><span class='ocrx_word' id='word_1_186' title='bbox 144 2517 296 2596; x_wconf 74' lang='lat' dir='ltr'><strong>Scriptura·</strong></span> <span class='ocrx_word' id='word_1_187' title='bbox 310 2524 445 2576; x_wconf 87' lang='lat' dir='ltr'><strong>testantur</strong></span> <span class='ocrx_word' id='word_1_188' title='bbox 459 2510 606 2578; x_wconf 79' lang='lat' dir='ltr'><strong>Christum</strong></span> <span class='ocrx_word' id='word_1_189' title='bbox 620 2518 812 2605; x_wconf 83' lang='lat' dir='ltr'><strong>magisterium</strong></span> <span class='ocrx_word' id='word_1_190' title='bbox 826 2519 981 2579; x_wconf 75' lang='lat' dir='ltr'><strong>instituisse</strong></span> <span class='ocrx_word' id='word_1_191' title='bbox 995 2539 1063 2604; x_wconf 89' lang='lat' dir='ltr'><strong>quo</strong></span> <span class='ocrx_word' id='word_1_192' title='bbox 1066 2522 1133 2582; x_wconf 88' lang='lat' dir='ltr'><strong>fidei</strong></span> <span class='ocrx_word' id='word_1_193' title='bbox 1146 2523 1284 2586; x_wconf 86' lang='lat' dir='ltr'><strong>traderen-</strong></span> 
     </span>
     <span class='ocr_line' id='line_1_23' title="bbox 99 2615 1284 2697; baseline 0.005 -19"><span class='ocrx_word' id='word_1_194' title='bbox 99 2627 147 2678; x_wconf 85' lang='lat' dir='ltr'><strong>tur</strong></span> <span class='ocrx_word' id='word_1_195' title='bbox 159 2616 300 2687; x_wconf 86' lang='lat' dir='ltr'><strong>veritates‚</strong></span> <span class='ocrx_word' id='word_1_196' title='bbox 314 2635 368 2676; x_wconf 89' lang='lat' dir='ltr'><strong>nec</strong></span> <span class='ocrx_word' id='word_1_197' title='bbox 377 2615 501 2693; x_wconf 86' lang='lat' dir='ltr'><strong>jussisse</strong></span> <span class='ocrx_word' id='word_1_198' title='bbox 512 2627 543 2675; x_wconf 90' lang='grc' dir='ltr'><strong>ιιι</strong></span> <span class='ocrx_word' id='word_1_199' title='bbox 551 2617 755 2677; x_wconf 85' lang='lat' dir='ltr'><strong>scriberentur:</strong></span> <span class='ocrx_word' id='word_1_200' title='bbox 771 2627 941 2697; x_wconf 88' lang='lat' dir='ltr'><strong>quapropter</strong></span> <span class='ocrx_word' id='word_1_201' title='bbox 948 2637 986 2679; x_wconf 89' lang='lat' dir='ltr'><strong>ex</strong></span> <span class='ocrx_word' id='word_1_202' title='bbox 996 2622 1145 2681; x_wconf 82' lang='lat' dir='ltr'><strong>occasione</strong></span> <span class='ocrx_word' id='word_1_203' title='bbox 1155 2624 1284 2696; x_wconf 76' lang='lat' dir='ltr'><strong>quodam</strong></span> 
     </span>
     <span class='ocr_line' id='line_1_24' title="bbox 100 2702 1284 2794; baseline 0.002 -18"><span class='ocrx_word' id='word_1_204' title='bbox 100 2715 206 2794; x_wconf 90' lang='lat' dir='ltr'><strong>scripta</strong></span> <span class='ocrx_word' id='word_1_205' title='bbox 219 2713 359 2782; x_wconf 84' lang='lat' dir='ltr'><strong>ridentur,</strong></span> <span class='ocrx_word' id='word_1_206' title='bbox 374 2713 452 2779; x_wconf 87' lang='lat' dir='ltr'><strong>nullo</strong></span> <span class='ocrx_word' id='word_1_207' title='bbox 465 2714 585 2778; x_wconf 89' lang='lat' dir='ltr'><strong>consilio</strong></span> <span class='ocrx_word' id='word_1_208' title='bbox 600 2723 686 2773; x_wconf 90' lang='lat' dir='ltr'><strong>totam</strong></span> <span class='ocrx_word' id='word_1_209' title='bbox 700 2702 857 2773; x_wconf 88' lang='lat' dir='ltr'><strong>doctrinam</strong></span> <span class='ocrx_word' id='word_1_210' title='bbox 878 2716 1064 2792; x_wconf 86' lang='lat' dir='ltr'><strong>proponendi.</strong></span> <span class='ocrx_word' id='word_1_211' title='bbox 1105 2718 1284 2781; x_wconf 84' lang='lat' dir='ltr'><strong>Praesumen·</strong></span> 
     </span>
     <span class='ocr_line' id='line_1_25' title="bbox 82 2811 1285 2893; baseline 0.004 -19"><span class='ocrx_word' id='word_1_212' title='bbox 82 2812 193 2893; x_wconf 41' lang='lat' dir='ltr'><strong>&#39;dum</strong></span> <span class='ocrx_word' id='word_1_213' title='bbox 184 2813 269 2892; x_wconf 81' lang='lat' dir='ltr'><strong>igitur</strong></span> <span class='ocrx_word' id='word_1_214' title='bbox 281 2823 325 2871; x_wconf 89' lang='lat' dir='ltr'><strong>est</strong></span> <span class='ocrx_word' id='word_1_215' title='bbox 337 2830 400 2870; x_wconf 91' lang='lat' dir='ltr'><strong>eam</strong></span> <span class='ocrx_word' id='word_1_216' title='bbox 413 2831 472 2871; x_wconf 90' lang='lat' dir='ltr'><strong>non</strong></span> <span class='ocrx_word' id='word_1_217' title='bbox 479 2820 572 2870; x_wconf 84' lang='lat' dir='ltr'><strong>totam</strong></span> <span class='ocrx_word' id='word_1_218' title='bbox 586 2811 705 2888; x_wconf 78' lang='lat' dir='ltr'><strong>scripto</strong></span> <span class='ocrx_word' id='word_1_219' title='bbox 705 2811 852 2879; x_wconf 84' lang='lat' dir='ltr'><strong>contineri,</strong></span> <span class='ocrx_word' id='word_1_220' title='bbox 863 2830 950 2885; x_wconf 87' lang='lat' dir='ltr'><strong>quum</strong></span> <span class='ocrx_word' id='word_1_221' title='bbox 965 2813 1058 2872; x_wconf 90' lang='lat' dir='ltr'><strong>nullus</strong></span> <span class='ocrx_word' id='word_1_222' title='bbox 1073 2815 1193 2891; x_wconf 85' lang='lat' dir='ltr'><strong>scriptor</strong></span> <span class='ocrx_word' id='word_1_223' title='bbox 1205 2837 1285 2879; x_wconf 91' lang='lat' dir='ltr'><strong>sacer</strong></span> 
     </span>
     <span class='ocr_line' id='line_1_26' title="bbox 55 2905 1284 2991; baseline 0.003 -25"><span class='ocrx_word' id='word_1_224' title='bbox 55 2962 58 2966; x_wconf 89' lang='lat'><em>.</em></span> <span class='ocrx_word' id='word_1_225' title='bbox 100 2909 223 2991; x_wconf 85' lang='lat' dir='ltr'><strong>affirmet</strong></span> <span class='ocrx_word' id='word_1_226' title='bbox 248 2927 311 2969; x_wconf 87' lang='lat' dir='ltr'><strong>cam</strong></span> <span class='ocrx_word' id='word_1_227' title='bbox 338 2918 426 2968; x_wconf 89' lang='lat' dir='ltr'><strong>totam</strong></span> <span class='ocrx_word' id='word_1_228' title='bbox 452 2907 640 2984; x_wconf 88' lang='lat' dir='ltr'><strong>conscriptam</strong></span> <span class='ocrx_word' id='word_1_229' title='bbox 666 2916 696 2964; x_wconf 85' lang='lat' dir='ltr'><strong>ct</strong></span> <span class='ocrx_word' id='word_1_230' title='bbox 720 2905 827 2965; x_wconf 88' lang='lat' dir='ltr'><strong>Paulus</strong></span> <span class='ocrx_word' id='word_1_231' title='bbox 855 2905 1010 2971; x_wconf 85' lang='lat' dir='ltr'><strong>doctrinam</strong></span> <span class='ocrx_word' id='word_1_232' title='bbox 1033 2917 1151 2985; x_wconf 85' lang='lat' dir='ltr'><strong>utraque</strong></span> <span class='ocrx_word' id='word_1_233' title='bbox 1177 2915 1284 2973; x_wconf 77' lang='lat' dir='ltr'><strong>moene</strong></span> 
     </span>
     <span class='ocr_line' id='line_1_27' title="bbox 101 3002 1284 3107; baseline 0.004 -40"><span class='ocrx_word' id='word_1_234' title='bbox 101 3006 232 3067; x_wconf 77' lang='lat' dir='ltr'><strong>traditam</strong></span> <span class='ocrx_word' id='word_1_235' title='bbox 252 3003 441 3075; x_wconf 86' lang='lat' dir='ltr'><strong>commendet.</strong></span> <span class='ocrx_word' id='word_1_236' title='bbox 483 3003 556 3064; x_wconf 80' lang='lat' dir='ltr'><strong>Haec</strong></span> <span class='ocrx_word' id='word_1_237' title='bbox 569 3012 662 3062; x_wconf 90' lang='lat' dir='ltr'><strong>autem</strong></span> <span class='ocrx_word' id='word_1_238' title='bbox 682 3002 865 3082; x_wconf 76' lang='lat' dir='ltr'><strong>presumptio</strong></span> <span class='ocrx_word' id='word_1_239' title='bbox 879 3003 1045 3064; x_wconf 86' lang='lat' dir='ltr'><strong>certissimis</strong></span> <span class='ocrx_word' id='word_1_240' title='bbox 1060 3018 1185 3107; x_wconf 85' lang='lat' dir='ltr'><strong>veterum</strong></span> <span class='ocrx_word' id='word_1_241' title='bbox 1206 3006 1284 3072; x_wconf 86' lang='lat' dir='ltr'><strong>testi·</strong></span> 
     </span>
     <span class='ocr_line' id='line_1_28' title="bbox 103 3103 492 3166; baseline -0.005 0"><span class='ocrx_word' id='word_1_242' title='bbox 103 3103 210 3166; x_wconf 84' lang='lat' dir='ltr'><strong>moniis</strong></span> <span class='ocrx_word' id='word_1_243' title='bbox 223 3103 425 3162; x_wconf 55' lang='lat' dir='ltr'><strong>confirmatur,</strong></span> <span class='ocrx_word' id='word_1_244' title='bbox 486 3145 492 3164; x_wconf 61' lang='grc' dir='ltr'><strong>ι</strong></span> 
     </span>
    </p>

    <p class='ocr_par' dir='ltr' id='par_1_6' title="bbox 53 3188 1286 4050">
     <span class='ocr_line' id='line_1_29' title="bbox 146 3188 1286 3285; baseline 0.005 -25"><span class='ocrx_word' id='word_1_245' title='bbox 146 3199 300 3260; x_wconf 88' lang='lat' dir='ltr'><strong>Testantur</strong></span> <span class='ocrx_word' id='word_1_246' title='bbox 314 3188 503 3273; x_wconf 86' lang='lat' dir='ltr'><strong>antiquissimi</strong></span> <span class='ocrx_word' id='word_1_247' title='bbox 523 3194 681 3277; x_wconf 86' lang='lat' dir='ltr'><strong>Scriptores</strong></span> <span class='ocrx_word' id='word_1_248' title='bbox 695 3217 753 3266; x_wconf 88' lang='lat' dir='ltr'><strong>non</strong></span> <span class='ocrx_word' id='word_1_249' title='bbox 765 3199 862 3258; x_wconf 87' lang='lat' dir='ltr'><strong>omnia</strong></span> <span class='ocrx_word' id='word_1_250' title='bbox 871 3200 915 3263; x_wconf 76' lang='lat' dir='ltr'><strong>,ab</strong></span> <span class='ocrx_word' id='word_1_251' title='bbox 935 3201 1080 3281; x_wconf 68' lang='lat' dir='ltr'><strong>apostolis</strong></span> <span class='ocrx_word' id='word_1_252' title='bbox 1101 3204 1206 3285; x_wconf 90' lang='lat' dir='ltr'><strong>scripto</strong></span> <span class='ocrx_word' id='word_1_253' title='bbox 1219 3225 1286 3267; x_wconf 89' lang='lat' dir='ltr'><strong>eoo·</strong></span> 
     </span>
     <span class='ocr_line' id='line_1_30' title="bbox 106 3288 1284 3379; baseline 0.001 -21"><span class='ocrx_word' id='word_1_254' title='bbox 106 3297 218 3377; x_wconf 76' lang='lat' dir='ltr'><strong>signata</strong></span> <span class='ocrx_word' id='word_1_255' title='bbox 231 3296 329 3355; x_wconf 82' lang='lat' dir='ltr'><strong>fuisse.</strong></span> <span class='ocrx_word' id='word_1_256' title='bbox 345 3295 390 3375; x_wconf 56' lang='lat' dir='ltr'><strong>⁵S.</strong></span> <span class='ocrx_word' id='word_1_257' title='bbox 405 3294 547 3356; x_wconf 70' lang='lat' dir='ltr'><strong>tenerius</strong></span> <span class='ocrx_word' id='word_1_258' title='bbox 562 3295 617 3364; x_wconf 84' lang='lat' dir='ltr'><strong>M..</strong></span> <span class='ocrx_word' id='word_1_259' title='bbox 632 3305 702 3354; x_wconf 83' lang='lat' dir='ltr'><strong>teste</strong></span> <span class='ocrx_word' id='word_1_260' title='bbox 712 3288 848 3379; x_wconf 88' lang='lat' dir='ltr'><strong>Eusebio,</strong></span> <span class='ocrx_word' id='word_1_261' title='bbox 858 3310 908 3374; x_wconf 86' lang='lat' dir='ltr'><strong>per</strong></span> <span class='ocrx_word' id='word_1_262' title='bbox 917 3298 1015 3357; x_wconf 83' lang='lat' dir='ltr'><strong>Asiam</strong></span> <span class='ocrx_word' id='word_1_263' title='bbox 1029 3317 1116 3372; x_wconf 90' lang='lat' dir='ltr'><strong>quum</strong></span> <span class='ocrx_word' id='word_1_264' title='bbox 1128 3292 1284 3371; x_wconf 82' lang='lat' dir='ltr'><strong>diceretur,</strong></span> 
     </span>
     <span class='ocr_line' id='line_1_31' title="bbox 62 3380 1283 3469; baseline 0.002 -14"><span class='ocrx_word' id='word_1_265' title='bbox 62 3392 65 3396; x_wconf 71' lang='grc'><strong>’</strong></span> <span class='ocrx_word' id='word_1_266' title='bbox 106 3394 253 3456; x_wconf 82' lang='lat' dir='ltr'><strong>Ecclesiae</strong></span> <span class='ocrx_word' id='word_1_267' title='bbox 269 3402 288 3430; x_wconf 77' lang='lat'><strong>‘⁶</strong></span> <span class='ocrx_word' id='word_1_268' title='bbox 298 3393 424 3452; x_wconf 88' lang='lat' dir='ltr'><strong>hortatus</strong></span> <span class='ocrx_word' id='word_1_269' title='bbox 438 3400 491 3460; x_wconf 88' lang='lat' dir='ltr'><strong>est,</strong></span> <span class='ocrx_word' id='word_1_270' title='bbox 501 3401 532 3451; x_wconf 89' lang='lat' dir='ltr'><strong>ut</strong></span> <span class='ocrx_word' id='word_1_271' title='bbox 544 3380 950 3469; x_wconf 71' lang='lat' dir='ltr'><strong>Apostolorum‘traditionibus</strong></span> <span class='ocrx_word' id='word_1_272' title='bbox 963 3395 1095 3453; x_wconf 88' lang='lat' dir='ltr'><strong>tenaciter</strong></span> <span class='ocrx_word' id='word_1_273' title='bbox 1105 3396 1283 3458; x_wconf 84' lang='lat' dir='ltr'><strong>inhaererent:</strong></span> 
     </span>
     <span class='ocr_line' id='line_1_32' title="bbox 105 3474 1285 3573; baseline 0.002 -22"><span class='ocrx_word' id='word_1_274' title='bbox 105 3504 178 3568; x_wconf 77' lang='lat' dir='ltr'><strong>quas</strong></span> <span class='ocrx_word' id='word_1_275' title='bbox 191 3489 315 3565; x_wconf 90' lang='lat' dir='ltr'><strong>quidem,</strong></span> <span class='ocrx_word' id='word_1_276' title='bbox 324 3488 361 3548; x_wconf 87' lang='lat' dir='ltr'><strong>ad</strong></span> <span class='ocrx_word' id='word_1_277' title='bbox 374 3478 521 3548; x_wconf 83' lang='lat' dir='ltr'><strong>certiorem</strong></span> <span class='ocrx_word' id='word_1_278' title='bbox 533 3474 702 3573; x_wconf 81' lang='lat' dir='ltr'><strong>posteritatis</strong></span> <span class='ocrx_word' id='word_1_279' title='bbox 714 3488 1022 3556; x_wconf 76' lang='lat' dir='ltr'><strong>notitiam,testimonio</strong></span> <span class='ocrx_word' id='word_1_280' title='bbox 1032 3509 1084 3551; x_wconf 92' lang='lat' dir='ltr'><strong>suo</strong></span> <span class='ocrx_word' id='word_1_281' title='bbox 1096 3493 1285 3565; x_wconf 87' lang='lat' dir='ltr'><strong>confirmatas,</strong></span> 
     </span>
     <span class='ocr_line' id='line_1_33' title="bbox 105 3583 1284 3667; baseline 0.002 -17"><span class='ocrx_word' id='word_1_282' title='bbox 105 3588 222 3667; x_wconf 89' lang='lat' dir='ltr'><strong>scriptis</strong></span> <span class='ocrx_word' id='word_1_283' title='bbox 231 3583 697 3649; x_wconf 79' lang='lat' dir='ltr'><strong>mandarenecessariumduxit.”’</strong></span> <span class='ocrx_word' id='word_1_284' title='bbox 735 3583 904 3643; x_wconf 82' lang='lat' dir='ltr'><strong>Ontonuns:</strong></span> <span class='ocrx_word' id='word_1_285' title='bbox 927 3595 948 3622; x_wconf 78' lang='lat'><strong>‘⁸</strong></span> <span class='ocrx_word' id='word_1_286' title='bbox 957 3586 1088 3645; x_wconf 90' lang='lat' dir='ltr'><strong>Ecclesia</strong></span> <span class='ocrx_word' id='word_1_287' title='bbox 1096 3590 1131 3646; x_wconf 92' lang='lat' dir='ltr'><strong>ab</strong></span> <span class='ocrx_word' id='word_1_288' title='bbox 1139 3588 1284 3666; x_wconf 81' lang='lat' dir='ltr'><strong>Apostolis</strong></span> 
     </span>
     <span class='ocr_line' id='line_1_34' title="bbox 106 3677 1284 3759; baseline 0.002 -14"><span class='ocrx_word' id='word_1_289' title='bbox 106 3684 286 3745; x_wconf 69' lang='lat' dir='ltr'><strong>madidonem</strong></span> <span class='ocrx_word' id='word_1_290' title='bbox 300 3681 435 3759; x_wconf 82' lang='lat' dir='ltr'><strong>suscepit,</strong></span> <span class='ocrx_word' id='word_1_291' title='bbox 450 3680 534 3740; x_wconf 88' lang='lat' dir='ltr'><strong>etiam</strong></span> <span class='ocrx_word' id='word_1_292' title='bbox 556 3677 679 3758; x_wconf 83' lang='lat' dir='ltr'><strong>parvulis</strong></span> <span class='ocrx_word' id='word_1_293' title='bbox 698 3679 869 3756; x_wconf 91' lang='lat' dir='ltr'><strong>baptismum</strong></span> <span class='ocrx_word' id='word_1_294' title='bbox 893 3680 968 3738; x_wconf 87' lang='lat' dir='ltr'><strong>dare.</strong></span> <span class='ocrx_word' id='word_1_295' title='bbox 971 3680 1005 3716; x_wconf 86' lang='lat'><strong>”¹</strong></span> <span class='ocrx_word' id='word_1_296' title='bbox 1044 3683 1075 3741; x_wconf 85' lang='lat' dir='ltr'><strong>S.</strong></span> <span class='ocrx_word' id='word_1_297' title='bbox 1092 3682 1284 3748; x_wconf 77' lang='lat' dir='ltr'><strong>Caesianus:</strong></span> 
     </span>
     <span class='ocr_line' id='line_1_35' title="bbox 108 3775 1285 3854; baseline 0.002 -13.055"><span class='ocrx_word' id='word_1_298' title='bbox 108 3780 307 3841; x_wconf 77' lang='lat' dir='ltr'><strong>“Admonitus</strong></span> <span class='ocrx_word' id='word_1_299' title='bbox 321 3797 373 3838; x_wconf 93' lang='lat' dir='ltr'><strong>nos</strong></span> <span class='ocrx_word' id='word_1_300' title='bbox 386 3778 472 3846; x_wconf 87' lang='lat' dir='ltr'><strong>scias,</strong></span> <span class='ocrx_word' id='word_1_301' title='bbox 487 3787 517 3836; x_wconf 92' lang='lat' dir='ltr'><strong>ut</strong></span> <span class='ocrx_word' id='word_1_302' title='bbox 530 3776 560 3836; x_wconf 91' lang='lat' dir='ltr'><strong>iu</strong></span> <span class='ocrx_word' id='word_1_303' title='bbox 583 3777 670 3835; x_wconf 88' lang='lat' dir='ltr'><strong>calice</strong></span> <span class='ocrx_word' id='word_1_304' title='bbox 693 3775 839 3836; x_wconf 83' lang='lat' dir='ltr'><strong>offerendo</strong></span> <span class='ocrx_word' id='word_1_305' title='bbox 852 3776 1003 3837; x_wconf 88' lang='lat' dir='ltr'><strong>Dominioa</strong></span> <span class='ocrx_word' id='word_1_306' title='bbox 1017 3780 1127 3846; x_wconf 85' lang='lat' dir='ltr'><strong>traditio</strong></span> <span class='ocrx_word' id='word_1_307' title='bbox 1148 3798 1285 3854; x_wconf 80' lang='lat' dir='ltr'><strong>servetur,</strong></span> 
     </span>
     <span class='ocr_line' id='line_1_36' title="bbox 53 3868 1286 3967; baseline 0.004 -28"><span class='ocrx_word' id='word_1_308' title='bbox 53 3896 56 3901; x_wconf 87' lang='lat'>·</span> <span class='ocrx_word' id='word_1_309' title='bbox 108 3897 203 3953; x_wconf 85' lang='lat' dir='ltr'><strong>neque</strong></span> <span class='ocrx_word' id='word_1_310' title='bbox 217 3876 293 3937; x_wconf 87' lang='lat' dir='ltr'><strong>aliud</strong></span> <span class='ocrx_word' id='word_1_311' title='bbox 307 3877 356 3934; x_wconf 91' lang='lat' dir='ltr'><strong>fiat</strong></span> <span class='ocrx_word' id='word_1_312' title='bbox 379 3875 500 3942; x_wconf 90' lang='lat' dir='ltr'><strong>anobis,</strong></span> <span class='ocrx_word' id='word_1_313' title='bbox 515 3868 600 3949; x_wconf 60' lang='lat' dir='ltr'><strong>quim</strong></span> <span class='ocrx_word' id='word_1_314' title='bbox 615 3873 691 3948; x_wconf 91' lang='lat' dir='ltr'><strong>quod</strong></span> <span class='ocrx_word' id='word_1_315' title='bbox 714 3893 766 3951; x_wconf 89' lang='lat' dir='ltr'><strong>pro</strong></span> <span class='ocrx_word' id='word_1_316' title='bbox 788 3874 869 3934; x_wconf 89' lang='lat' dir='ltr'><strong>nobis</strong></span> <span class='ocrx_word' id='word_1_317' title='bbox 892 3874 1034 3935; x_wconf 89' lang='lat' dir='ltr'><strong>Dominus</strong></span> <span class='ocrx_word' id='word_1_318' title='bbox 1056 3879 1134 3967; x_wconf 82' lang='lat' dir='ltr'><strong>prior</strong></span> <span class='ocrx_word' id='word_1_319' title='bbox 1154 3881 1230 3953; x_wconf 82' lang='lat' dir='ltr'><strong>fecit,</strong></span> <span class='ocrx_word' id='word_1_320' title='bbox 1254 3897 1286 3944; x_wconf 90' lang='lat' dir='ltr'><strong>ut</strong></span> 
     </span>
     <span class='ocr_line' id='line_1_37' title="bbox 106 3960 1209 4050; baseline 0 -15"><span class='ocrx_word' id='word_1_321' title='bbox 106 3975 195 4043; x_wconf 83' lang='lat' dir='ltr'><strong>calix,</strong></span> <span class='ocrx_word' id='word_1_322' title='bbox 207 3974 297 4048; x_wconf 89' lang='lat' dir='ltr'><strong>quiin</strong></span> <span class='ocrx_word' id='word_1_323' title='bbox 310 3971 606 4043; x_wconf 86' lang='lat' dir='ltr'><strong>commemorationem</strong></span> <span class='ocrx_word' id='word_1_324' title='bbox 620 3971 682 4050; x_wconf 86' lang='lat' dir='ltr'><strong>ejus</strong></span> <span class='ocrx_word' id='word_1_325' title='bbox 697 3970 821 4040; x_wconf 87' lang='lat' dir='ltr'><strong>offertur,</strong></span> <span class='ocrx_word' id='word_1_326' title='bbox 836 3971 940 4031; x_wconf 87' lang='lat' dir='ltr'><strong>mixtus</strong></span> <span class='ocrx_word' id='word_1_327' title='bbox 955 3972 1021 4031; x_wconf 84' lang='lat' dir='ltr'><strong>vino</strong></span> <span class='ocrx_word' id='word_1_328' title='bbox 1031 3960 1209 4037; x_wconf 85' lang='lat' dir='ltr'><strong>offeratur.”⁴</strong></span> 
     </span>
    </p>

    <p class='ocr_par' dir='ltr' id='par_1_7' title="bbox 107 4059 1285 4249">
     <span class='ocr_line' id='line_1_38' title="bbox 149 4059 1285 4147; baseline 0.004 -17"><span class='ocrx_word' id='word_1_329' title='bbox 149 4070 298 4130; x_wconf 84' lang='lat' dir='ltr'><strong>Eusrarus</strong></span> <span class='ocrx_word' id='word_1_330' title='bbox 313 4070 536 4147; x_wconf 74' lang='lat' dir='ltr'><strong>Cassaaausrs,</strong></span> <span class='ocrx_word' id='word_1_331' title='bbox 551 4066 619 4127; x_wconf 93' lang='lat' dir='ltr'><strong>dicit</strong></span> <span class='ocrx_word' id='word_1_332' title='bbox 631 4059 800 4127; x_wconf 82' lang='lat' dir='ltr'><strong>Christum</strong></span> <span class='ocrx_word' id='word_1_333' title='bbox 792 4087 822 4127; x_wconf 87' lang='grc' dir='ltr'><strong>ιιι</strong></span> <span class='ocrx_word' id='word_1_334' title='bbox 836 4068 976 4128; x_wconf 89' lang='lat' dir='ltr'><strong>mentibus</strong></span> <span class='ocrx_word' id='word_1_335' title='bbox 985 4069 1132 4142; x_wconf 86' lang='lat' dir='ltr'><strong>hominum</strong></span> <span class='ocrx_word' id='word_1_336' title='bbox 1142 4095 1208 4135; x_wconf 87' lang='lat' dir='ltr'><strong>suas</strong></span> <span class='ocrx_word' id='word_1_337' title='bbox 1220 4075 1285 4135; x_wconf 94' lang='lat' dir='ltr'><strong>doc·</strong></span> 
     </span>
     <span class='ocr_line' id='line_1_39' title="bbox 107 4162 1284 4249; baseline 0.004 -21"><span class='ocrx_word' id='word_1_338' title='bbox 107 4167 197 4228; x_wconf 88' lang='lat' dir='ltr'><strong>trinas</strong></span> <span class='ocrx_word' id='word_1_339' title='bbox 211 4164 413 4244; x_wconf 84' lang='lat' dir='ltr'><strong>descripsisse:</strong></span> <span class='ocrx_word' id='word_1_340' title='bbox 430 4166 521 4244; x_wconf 83' lang='lat' dir='ltr'><strong>“ejus</strong></span> <span class='ocrx_word' id='word_1_341' title='bbox 535 4183 601 4223; x_wconf 89' lang='lat' dir='ltr'><strong>vero</strong></span> <span class='ocrx_word' id='word_1_342' title='bbox 613 4162 745 4242; x_wconf 88' lang='lat' dir='ltr'><strong>discipuli</strong></span> <span class='ocrx_word' id='word_1_343' title='bbox 765 4167 781 4203; x_wconf 75' lang='lat'><em>*</em></span> <span class='ocrx_word' id='word_1_344' title='bbox 802 4167 818 4204; x_wconf 76' lang='lat'><strong>¹*</strong></span> <span class='ocrx_word' id='word_1_345' title='bbox 838 4167 854 4203; x_wconf 75' lang='lat'><strong>⁴*</strong></span> <span class='ocrx_word' id='word_1_346' title='bbox 874 4166 975 4242; x_wconf 90' lang='lat' dir='ltr'><strong>partim</strong></span> <span class='ocrx_word' id='word_1_347' title='bbox 994 4167 1093 4240; x_wconf 88' lang='lat' dir='ltr'><strong>literis,</strong></span> <span class='ocrx_word' id='word_1_348' title='bbox 1108 4172 1207 4249; x_wconf 88' lang='lat' dir='ltr'><strong>partim</strong></span> <span class='ocrx_word' id='word_1_349' title='bbox 1222 4173 1284 4233; x_wconf 89' lang='lat' dir='ltr'><strong>sine</strong></span> 
     </span>
    </p>
   </div>
   <div class='ocr_carea' id='block_1_5' title="bbox 402 4355 912 4677">
    <p class='ocr_par' dir='ltr' id='par_1_8' title="bbox 405 4355 804 4421">
     <span class='ocr_line' id='line_1_40' title="bbox 405 4355 804 4421; baseline -0.003 -14"><span class='ocrx_word' id='word_1_350' title='bbox 405 4359 442 4420; x_wconf 92' lang='lat' dir='ltr'><strong>(l)</strong></span> <span class='ocrx_word' id='word_1_351' title='bbox 459 4357 533 4407; x_wconf 86' lang='lat' dir='ltr'><strong>Basil.</strong></span> <span class='ocrx_word' id='word_1_352' title='bbox 543 4356 573 4406; x_wconf 91' lang='lat' dir='ltr'><strong>de</strong></span> <span class='ocrx_word' id='word_1_353' title='bbox 584 4355 647 4421; x_wconf 80' lang='lat' dir='ltr'><strong>Spin.</strong></span> <span class='ocrx_word' id='word_1_354' title='bbox 663 4357 689 4407; x_wconf 84' lang='lat' dir='ltr'><strong>S.</strong></span> <span class='ocrx_word' id='word_1_355' title='bbox 698 4373 721 4409; x_wconf 86' lang='lat' dir='ltr'><strong>c.</strong></span> <span class='ocrx_word' id='word_1_356' title='bbox 733 4356 804 4407; x_wconf 82' lang='lat' dir='ltr'><strong>xxvii.</strong></span> 
     </span>
    </p>

    <p class='ocr_par' dir='ltr' id='par_1_9' title="bbox 402 4438 912 4589">
     <span class='ocr_line' id='line_1_41' title="bbox 405 4438 912 4511; baseline 0.008 -23"><span class='ocrx_word' id='word_1_357' title='bbox 405 4439 441 4502; x_wconf 62' lang='lat'><strong>(2)</strong></span> <span class='ocrx_word' id='word_1_358' title='bbox 459 4438 820 4511; x_wconf 68' lang='lat' dir='ltr'><strong>LlllbistEcclcmia</strong></span> <span class='ocrx_word' id='word_1_359' title='bbox 910 4458 912 4465; x_wconf 73' lang='grc'><em>’</em></span> 
     </span>
     <span class='ocr_line' id='line_1_42' title="bbox 402 4524 768 4589; baseline 0.003 -14"><span class='ocrx_word' id='word_1_360' title='bbox 402 4525 439 4587; x_wconf 73' lang='grc'><strong>(3)</strong></span> <span class='ocrx_word' id='word_1_361' title='bbox 456 4524 486 4577; x_wconf 81' lang='lat' dir='ltr'><strong>L,</strong></span> <span class='ocrx_word' id='word_1_362' title='bbox 496 4524 526 4574; x_wconf 79' lang='lat' dir='ltr'><strong>V.</strong></span> <span class='ocrx_word' id='word_1_363' title='bbox 536 4524 563 4575; x_wconf 89' lang='lat' dir='ltr'><strong>iu</strong></span> <span class='ocrx_word' id='word_1_364' title='bbox 573 4540 610 4589; x_wconf 83' lang='lat' dir='ltr'><strong>sp</strong></span> <span class='ocrx_word' id='word_1_365' title='bbox 621 4525 651 4574; x_wconf 86' lang='lat' dir='ltr'><strong>sd</strong></span> <span class='ocrx_word' id='word_1_366' title='bbox 664 4525 768 4576; x_wconf 81' lang='lat' dir='ltr'><strong>Reman.</strong></span> 
     </span>
    </p>

    <p class='ocr_par' dir='ltr' id='par_1_10' title="bbox 402 4608 685 4677">
     <span class='ocr_line' id='line_1_43' title="bbox 402 4608 685 4677; baseline -0.004 -15"><span class='ocrx_word' id='word_1_367' title='bbox 402 4610 439 4672; x_wconf 83' lang='lat' dir='ltr'><strong>(t)</strong></span> <span class='ocrx_word' id='word_1_368' title='bbox 457 4609 503 4677; x_wconf 75' lang='lat' dir='ltr'><strong>Ep.</strong></span> <span class='ocrx_word' id='word_1_369' title='bbox 513 4609 544 4661; x_wconf 85' lang='lat' dir='ltr'><strong>ad</strong></span> <span class='ocrx_word' id='word_1_370' title='bbox 554 4608 638 4661; x_wconf 68' lang='lat' dir='ltr'><strong>Catil.</strong></span> <span class='ocrx_word' id='word_1_371' title='bbox 646 4609 685 4670; x_wconf 77' lang='lat'><strong>6³,</strong></span> 
     </span>
    </p>
   </div>
   <div class='ocr_carea' id='block_1_6' title="bbox 0 0 1392 5032">
    <p class='ocr_par' dir='ltr' id='par_1_11' title="bbox 0 0 1392 5032">
     <span class='ocr_line' id='line_1_44' title="bbox 0 0 1392 5032; baseline 0 0"><span class='ocrx_word' id='word_1_372' title='bbox 0 0 1392 5032; x_wconf 95' lang='lat' dir='ltr'><strong> </strong></span> 
     </span>
    </p>
   </div>
  </div>
 </body>
</html>
