2738 5032
355 122 410 191 oe
430 123 592 189 earnes
610 125 656 185 ιιι
676 124 780 209 som
800 125 1013 191 accusem.
1208 130 1268 189 arr

134 281 310 359 Suffragatur
322 282 402 350 ratio,
417 283 509 358 posita
521 283 714 345 revelatione·
730 272 802 343 'Deo
816 303 867 361 per
879 285 985 363 legatos
999 304 1053 347 nos
1072 283 1200 353 edocenti
1220 284 1269 345 de·

95 377 297 454 negare-iidem
310 377 341 437 iu
354 396 384 437 re
398 378 491 452 edique
503 389 547 437 est
560 399 671 439 summa
692 381 837 457 sapientire
858 379 959 439 divine
981 382 1099 459 injuria:
1122 381 1169 440 vel
1190 381 1268 441 enim

73 502 75 507 ·
95 476 166 539 ratio
180 475 243 553 ipsa
255 474 359 533 dirime
378 476 533 541 auctoritati
552 476 800 559 reluctatur,quod
814 478 933 555 impium
947 487 999 545 est.
1014 479 1059 536 vel
1072 478 1106 537 de
1120 478 1214 538 divina
1227 497 1269 536 re·

95 573 234 632 relatione
247 591 305 632 non
318 573 386 633 satis
401 583 528 641 comtare
542 574 727 642 contenditur,
741 574 819 649 quod
838 575 868 634 in
882 575 938 633 Dei
957 574 1033 633 cedit
1046 575 1186 653 iniuriam,
1201 594 1268 649 qua·

95 680 178 731 tenus
191 689 249 729 non
262 671 330 729 setis
343 671 518 730 consuluisse
533 662 662 731 censetur
674 687 757 743 certe
771 672 987 751 promulgationi
1000 691 1059 730 sure
1073 672 1216 731 docuinae.

139 766 205 846 obj.
223 772 250 827 1.
271 767 342 834 Quae
356 786 393 827 ex
407 768 558 845 scripturis
573 769 689 837 adducta
701 782 767 830 eunt
777 788 835 829 non
849 771 967 848 probant
976 769 1108 829 doetrinae
1122 768 1270 829 hodierno·

94 886 157 927 rum
172 867 324 944 praesulum
338 868 496 929 necessario
510 867 690 938 credendum,
705 869 755 927 sed
775 868 933 947 Evangelio
953 867 1152 944 abdpostolis
1170 867 1269 945 preadi-

93 975 166 1031 eato,
179 948 212 1023 lii
225 964 331 1049 quippe
344 964 502 1043 specialiter
515 976 581 1023 sunt
591 966 683 1035 misai,
696 976 725 1039 et
737 965 871 1026 divinitas
884 964 981 1034 afflati,
996 964 1066 1024 adeo¹
1080 973 1111 1023 ιιι
1124 966 1268 1027 excusatio

92 1062 244 1143 nullaesse
258 1062 379 1139 potuerit
391 1063 647 1129 noncredentibus.
680 1051 868 1143 Macknight,
881 1062 1020 1123 inlocum
1038 1061 1111 1121 Ίιιι.

128 1157 222 1236 Rem.
241 1159 413 1237 Evangelica
423 1159 583 1237 predicatio
595 1170 653 1220 non
664 1180 746 1233 suam
760 1173 883 1223 mutuata
897 1168 949 1220 est
969 1160 1028 1219 rim
1050 1161 1084 1219 sb
1111 1159 1268 1237 Apostolis,

67 1309 71 1313 .
93 1255 144 1315 sed
158 1275 175 1315 e
189 1255 369 1329 curisteum
384 1274 435 1314 eos
455 1257 543 1325 misit,
559 1258 666 1332 quique
686 1259 817 1335 promisit
839 1278 870 1317 se
887 1246 980 1333 usaue
996 1256 1041 1337 ad
1062 1242 1270 1323 mund-'finem

94 1352 260 1429 Apostolico
273 1352 429 1417 ministerio
443 1351 611 1412 adfuturum.
651 1353 707 1412 Est
717 1354 801 1432 igitur
810 1354 973 1431 nullajusta
983 1354 1128 1417 excusatio
1141 1371 1200 1413 non
1212 1373 1271 1413 cre·

95 1447 237 1517 dentibus,
252 1467 338 1522 quum
352 1447 451 1507 eadem
464 1436 579 1526 semper
590 1449 628 1517 sit
640 1449 710 1507 ratio
724 1448 866 1524 credendi,
878 1449 973 1513 diuina
987 1448 1095 1509 Christi
1109 1444 1268 1517 auctoritas.

137 1545 204 1623 Obj,
219 1551 248 1629 2.
269 1545 456 1623 Evangelium
467 1545 586 1605 salutem
597 1563 649 1624 per
662 1544 808 1619 Christum
823 1548 962 1626 precipue
975 1548 1133 1625 significat:
1151 1546 1268 1611 heresis
1341 1562 1347 1575 ⁰

92 1661 160 1703 vero
168 1632 346 1720 negationem
360 1641 491 1701 doctrine
504 1642 914 1720 fundamentaliapertiaacem,
927 1643 1028 1703 violata
1037 1642 1176 1703 Ecclesiae
1188 1662 1268 1721 pace.

92 1739 180 1816 igitur
192 1739 228 1798 de
242 1757 420 1813 quocumque
434 1758 526 1798 errore
540 1739 816 1817 intelliginequeunt
827 1740 936 1827 obJeeta
947 1738 1116 1799 testimonia.
1157 1739 1201 1807 Ita
1211 1741 1268 1818 sere

92 1833 275 1913 Doddrc'dge,
291 1835 488 1913 aMacknight
507 1835 644 1911 laudatus.

129 1933 218 2009 Hesp.
240 1933 354 1990 Bonum
375 1930 490 2004 quidem
511 1934 640 1993 nuntium
663 1933 852 2012 Evangeliurn
874 1932 1025 2012 signifieat,
1040 1931 1090 1995 sed
1104 1950 1139 1991 eo
1153 1933 1268 1991 nomine

91 2033 209 2091 veniunt
223 2030 319 2091 omnia
332 2048 516 2102 quecumque
530 2030 673 2101 mandauit
685 2031 827 2101 Ghristus,
847 2032 889 2090 uti
909 2048 947 2095 ex
965 2031 1074 2091 collatis
1095 2029 1223 2089 Matthaei
1243 2040 1272 2090 et

90 2127 193 2195 Marci,
208 2127 243 2186 de
257 2144 372 2187 munere
387 2112 554 2213 apostolis
545 2126 682 2204 mJ'uneto,
697 2129 818 2187 textibus
832 2120 939 2202 liquet;
962 2146 1016 2188 nec
1039 2129 1107 2187 elias
1130 2128 1271 2209 intellexit

88 2224 206 2290 Paulus,
221 2223 270 2296 qui
284 2231 372 2287 totum
386 2222 442 2283 Dei
454 2223 623 2297 eonsilium,
647 2225 791 2283 veritatem
814 2223 952 2303 integram
976 2224 1138 2294 revelatam,
1162 2225 1269 2299 absque

88 2323 146 2385 ulla
160 2318 368 2390 adulteratione,
380 2340 418 2387 aa
431 2340 500 2381 vooa
513 2321 695 2413 complexus
694 2332 748 2385 est.
788 2321 917 2388 Heresis
935 2331 1029 2409 autem
1043 2332 1087 2381 est
1099 2322 1207 2401 privata
1221 2343 1272 2383 cu·

79 2421 256 2499 jussumque
268 2419 415 2488 sententia,
430 2418 540 2478 ueritati
554 2408 588 2477 ab
602 2398 767 2499 apostolico
781 2420 937 2479 ministerio
951 2404 1104 2499 preposite
1119 2421 1265 2481 contraria:

90 2535 156 2579 nem
169 2535 226 2582 vox
236 2515 401 2575 electionem
416 2515 561 2585 sententiae
576 2515 726 2595 siguificat,
744 2535 855 2604 usuque
876 2535 1018 2575 sacrorum
1036 2516 1212 2594 Scriptorum
1234 2516 1269 2575 ad

89 2628 212 2671 errorem
226 2620 322 2677 contra
335 2608 420 2669 fidem
433 2607 650 2687 exprimendum
664 2600 873 2697 determinatur.
915 2588 997 2669 Nihil
1011 2620 1120 2683 estque
1134 2612 1268 2687 probetur

89 2728 211 2771 errorem
225 2708 386 2769 ιιοοοοιιιίο
398 2706 500 2771 debere
514 2699 741 2774 ιιιιιιιιιιιοιιιιιιθ
750 2708 791 2765 uti
804 2708 891 2776 aiunt,
904 2705 1034 2783 dogmata
1042 2706 1206 2783 respicere,
1197 2709 1269 2775 ·sed

89 2817 216 2872 econtra
229 2814 361 2867 constans
374 2804 501 2863 omnium
516 2803 684 2865 seculorum
696 2821 767 2861 usus
789 2804 888 2881 probat
912 2821 1120 2877 quemeumque
1144 2816 1268 2871 errorem

88 2906 266 2984 pertinaciter
279 2911 496 2986 propugnatum,
510 2901 564 2963 etsi
584 2919 640 2979 pax
653 2900 791 3025 generalis
811 2896 949 2961 Ecclesiae
969 2920 1028 2965 non
1048 2901 1113 2962 idco
1133 2902 1267 2975 turbetur,

87 3023 122 3067 ee
135 3022 204 3085 roee
218 3001 372 3079 designari.
474 3046 477 3053 .

59 3083 64 3088 ⁵
87 3080 195 3185 Oli.
211 3104 239 3163 ³·
261 3097 388 3165 Heresis
397 3097 439 3155 ab
460 3095 599 3175 Apostolo
613 3088 788 3174 intelligitur
801 3072 879 3156 error
892 3115 928 3157 ex
954 3117 1039 3174 prava
1060 3096 1148 3157 animi
1173 3097 1267 3157 indole

57 3190 61 3196 ’
85 3205 183 3259 ortus:
198 3194 341 3259 necerim
355 3211 419 3268 quse
435 3193 553 3284 animo
548 3192 682 3267 insederit
695 3193 843 3262 sententia,
859 3195 913 3252 etsi
926 3193 1020 3253 forsan
1035 3192 1114 3260 salsa,
1129 3202 1223 3270 potest
1237 3193 1267 3251 in

83 3292 200 3369 eulpam
221 3291 353 3364 reputari,
367 3290 393 3348 si
406 3308 469 3349 eam
482 3290 546 3363 quis
560 3289 707 3365 amplexus
722 3289 804 3349 suerit
827 3301 891 3366 post
909 3308 1007 3366 preces
1030 3287 1146 3356 effusas,
1161 3298 1189 3346 et
1202 3307 1267 3347 exa·

83 3410 151 3455 men
165 3374 295 3467 diligens.
335 3372 379 3446 Ita
391 3385 579 3465 Mochnight,
593 3406 611 3443 a
622 3386 785 3454 definitione
800 3386 976 3465 Doddridge
991 3386 1172 3447 dissentiens.

123 3486 212 3564 Hesp.
234 3485 388 3563 Apostolus
402 3503 436 3543 eo
451 3484 507 3543 loci
521 3484 661 3543 hereseos
675 3483 782 3541 sontem
795 3503 853 3558 non
875 3483 989 3552 indicat,
1013 3483 1063 3543 sed
1076 3483 1177 3543 merito
1200 3484 1268 3545 dicit

83 3584 248 3643 haereticum
264 3599 390 3660 peccare,
405 3581 481 3639 etob
496 3580 600 3639 arbitrii
624 3580 668 3637 sui
694 3591 735 3655 et.
745 3563 902 3638 intellectus
924 3581 1042 3638 abusum
1065 3576 1264 3643 damnandum.

84 3681 173 3745 Alias
179 3678 294 3753 quidem
308 3677 375 3736 satis
390 3675 512 3748 ostendit
530 3650 689 3755 superbiam
704 3696 739 3735 eo
753 3676 865 3746 ducere,
879 3687 1039 3755 postquam
1045 3678 1121 3737 enirn
1145 3679 1266 3756 plurima

84 3779 123 3849 de
136 3779 264 3843 omnium
278 3776 441 3841 muneribus
455 3774 608 3851 tradiderat
617 3769 781 3856 Timotheo,
796 3774 977 3863 adjunxitr‘
981 3776 1059 3835 ‘hec
1084 3775 1153 3843 doce
1167 3790 1204 3843 et
1218 3799 1266 3838 ex·

61 3856 65 3861 ⁶
83 3878 205 3937 hortare.
247 3873 356 3945 Siquis
371 3870 587 3950 aliterdocetet
608 3891 666 3939 aon
680 3872 834 3955 acquiescit
846 3872 923 3932 sanis
939 3856 1123 3935 sermonibus
1147 3875 1265 3959 Domini

83 3973 174 4043 nostri
186 3971 257 4030 Jesu
261 3968 390 4045 Christi
406 3976 434 4026 et
445 3967 474 4027 ei
488 3986 550 4041 quae
564 3965 719 4029 secundnm
732 3969 866 4047 pietatem
886 3978 930 4029 est
950 3967 1102 4039 doctrinm
1126 3952 1263 4051 superbus

83 4081 140 4140 est,
155 4068 226 4129 nihil
239 4069 344 4135 sciens,
357 4065 408 4123 sed
422 4064 557 4147 languens
576 4067 651 4143 cirea
671 4068 841 4140 questiones
862 4076 890 4127 et
908 4085 1015 4151 pugnas
1032 4071 1204 4130 uerborum:
1227 4086 1264 4127 ex

85 4166 196 4240 quibus
205 4165 331 4224 oriuntur
343 4160 468 4229 invidie,
482 4161 686 4244 contentiones,
699 4163 893 4239 blasphemie,
903 4165 1081 4243 suspiciones
1096 4165 1186 4232 malae,
1198 4183 1263 4223 con·

81 4261 254 4338 ,dictationes
268 4259 415 4321 hominum
439 4267 532 4316 mente
558 4268 761 4341 corruptorum,
779 4269 811 4345 et
833 4260 883 4334 qui
896 4262 1010 4322 veritate
1034 4248 1134 4341 priuati
1153 4260 1263 4321 ιιιιιι.”1

467 4444 503 4515 (ι)
520 4449 611 4503 rma.
623 4451 653 4501 vr.
664 4438 697 4501 a(
713 4427 717 4435 '
