2738 5032
360 259 416 319 DE
436 258 661 319 ECCLESIAE
684 252 884 335 UNl'l'A'l‘E,¹
1187 260 1242 317 lttt

61 417 139 478 Hac
152 435 201 494 pro
202 418 275 476 lecto
288 419 391 486 unitas,
407 437 468 492 qun
489 418 545 503 Dei
565 418 682 476 imitatio
695 426 749 485 est,
764 429 878 475 omnem
890 366 1053 494 dbgmatum
1065 414 1235 474 discordiam

10 504 20 555 ἶ
14 514 222 595 ¹uecessario
236 513 370 572 excludit

100 611 200 670 Unum
211 610 311 669 addam
326 611 513 688 Cyprianum,
529 611 578 684 qui
592 610 705 679 diaboli,
720 609 885 669 idololatriae
903 611 1048 668 eversione
1062 609 1173 676 deuicti,
1188 608 1237 666 de·

61 706 153 782 pingit
166 706 307 774 astutiam,
322 707 351 764 in
370 707 441 765 libro
461 688 740 781 celeberrimo-qdod
763 704 797 764 de
819 707 922 763 unitate
945 705 1082 763 Ecclesiae
1105 704 1236 780 scripsit:

62 810 81 836 ‘⁴
91 800 227 859 Haereses
248 801 355 859 invenit
367 812 395 860 et
408 802 570 869 schismata,
589 802 693 874 quibus
718 801 890 858 subverteret
909 800 1004 868 fidem,
1019 800 1162 858 veritatem
1176 819 1236 858 cor-

61 907 213 972 rumperet,
228 896 368 956 scinderet
387 899 530 957 unitatem.
575 884 657 964 Quos
675 896 799 954 detinere
820 910 878 954 non
898 907 991 973 potest
1010 898 1039 955 in
1059 897 1114 954 riae
1133 895 1237 955 vetent

63 993 195 1058 caecitate,
205 992 409 1052 circumscribit
417 978 450 1051 ¹et
460 994 563 1069 decipit
577 994 642 1051 novi
654 994 760 1050 itineris
769 1012 872 1051 errore.
915 993 1000 1069 Rapit
1012 991 1047 1050 de
1061 993 1123 1070 ipsa
1138 993 1239 1050 Eccle-

31 1128 35 1132 Δ
65 1089 103 1147 sia
116 1090 250 1147 homines
261 1110 276 1158 3·
284 1100 313 1147 ct
323 1089 390 1149 dum
404 1091 457 1149 sibi
469 1091 710 1168 appropinquasse
720 1091 781 1166 jam
794 1090 904 1157 lumini,
914 1100 995 1161 atque
1004 1090 1126 1147 evasisse
1141 1089 1237 1147 seculi

45 1234 50 1239 .
65 1197 174 1245 noctem
189 1174 327 1267 sidentur,
339 1187 407 1248 alias
418 1188 607 1262 nescientibus
622 1187 749 1245 tenebras
764 1206 872 1244 rursum
887 1173 1017 1253 infundit,
1032 1198 1063 1242 ut
1076 1205 1139 1243 cum
1154 1206 1237 1245 evan·
1325 1180 1335 1227 ·'

66 1281 137 1356 gelio
151 1270 271 1350 Christi,
284 1294 391 1340 etcum
409 1284 601 1341 observatione
615 1283 688 1358 ejus,
702 1291 731 1339 et
749 1282 812 1359 lege
826 1302 884 1340 non
898 1291 1011 1348 stantes,
1026 1281 1191 1343 christianos
1202 1302 1237 1341 se

65 1387 216 1445 recantet
237 1379 409 1450 ambulantes
423 1380 453 1439 in
471 1380 591 1437 tenebris
606 1379 706 1437 habere
721 1397 752 1436 se
772 1379 869 1437 lumen
888 1364 1059 1445 existiment,
1080 1376 1237 1436 blandiente
1337 1395 1347 1415 ι

66 1474 220 1534 adversario
245 1485 327 1548 atquc
350 1476 471 1571 fallente,
495 1477 543 1549 qui
564 1475 717 1533 secundum
738 1476 867 1551 Apostoli
890 1494 990 1537 vocem
1012 1476 1186 1552 nanstigurat
1205 1492 1237 1531 se

66 1571 141 1629 velut
153 1573 284 1648 angelum
303 1573 386 1640 lucis,
401 1583 441 1630 et
448 1573 591 1630 ministros
613 1588 679 1628 suos
701 1572 842 1638 subornat,
856 1572 932 1629 velut
952 1572 1093 1630 ministros
1110 1571 1236 1648 justitiae,

68 1679 219 1748 asserentes
234 1676 346 1726 noctem
359 1688 411 1746 pro
422 1644 497 1738 die,
490 1668 631 1727 interitum
637 1687 696 1745 pro
691 1663 806 1734 salute,
820 1666 1045 1744 desperationem
1058 1669 1110 1725 sub
1124 1669 1237 1726 obtentu
1290 1700 1297 1713 ·

68 1766 143 1849 spei,¹
149 1764 298 1842 perfidiam
312 1765 379 1823 sub
377 1747 519 1841 praetentu
539 1765 616 1832 fidei,
634 1750 827 1822 antichristum
847 1765 899 1821 sub
920 1765 1054 1821 vocabulo
1074 1764 1192 1831 Christi,
1207 1773 1238 1820 ut

67 1861 127 1922 dum
147 1862 321 1922 verosimilia
345 1863 524 1929 mentiuntur,
547 1863 691 1920 veritatem
712 1861 862 1919 subtilitate
882 1860 1068 1918 frustrentur?
1071 1860 1093 1894 ’¹
1143 1862 1237 1926 Quum

69 1958 189 2019 haereses
204 1977 303 2016 omnes
318 1959 478 2017 subvertere
499 1959 594 2028 fidem,
609 1977 706 2036 rapere
720 1956 755 2015 dc
776 1957 906 2016 Ecclesia
919 1957 1059 2024 homines,
1074 1955 1238 2032 Cyprianus

69 2057 160 2125 undat,
170 2058 305 2116 unitatem
316 2057 464 2117 Ecclesiae
475 2058 653 2116 concordiam
667 2058 794 2115 omnium
805 2059 980 2115 memborum
991 2058 1021 2116 in
1031 2047 1161 2115 omnibus
1172 2054 1240 2133 dog·

69 2157 198 2215 natibus
201 2156 314 2232 exigere
329 2155 508 2219 manifestum
522 2165 573 2213 est.
616 2155 660 2213 De
671 2166 764 2213 mente
785 2156 846 2232 ejus
861 2155 984 2214 dubitare
1005 2174 1061 2214 non
1075 2154 1177 2232 poterit
1190 2153 1242 2226 qui

69 2261 154 2323 totum
166 2253 316 2330 perlegerit
329 2260 411 2329 opus',
423 2253 517 2343 pergit
525 2253 633 2311 scilicet
643 2254 788 2337 haere'seon
799 2272 897 2310 causas
909 2265 937 2311 et
949 2253 1072 2311 remedia
1082 2251 1239 2321 ostendere,

70 2359 94 2407 et
105 2369 162 2423 qua
175 2350 282 2407 ratione
295 2348 434 2429 Christus
437 2350 535 2429 unitati
546 2350 683 2407 Ecclesiae
695 2330 845 2426 primatum
856 2351 940 2408 Petro
951 2350 1046 2409 dando
1060 2351 1238 2411 consuluerit.

70 2443 109 2505 De
122 2447 314 2537 Episcopptus
327 2447 432 2503 unitate
453 2465 540 2520 quum
560 2447 700 2515 dixisset,
694 2447 864 2524 subjungit.
887 2448 1047 2507 “Ecclesia
1060 2454 1172 2521 quoque
1184 2469 1241 2507 una

69 2553 116 2612 est,
130 2552 196 2625 qun¹
208 2543 239 2600 in
253 2542 459 2601 multitudinem
473 2544 555 2601 latius
569 2544 745 2610 incremento¹
763 2544 939 2619 fecunditatis
955 2545 1121 2612 extenditur.
1163 2545 1240 2611 Quo·

17 2629 21 2635 ’
57 2637 152 2722 modo
164 2637 235 2696 solis
250 2639 330 2696 multi
344 2637 424 2707 radii,
439 2639 489 2698 sed
502 2640 598 2699 lumen
612 2659 715 2704 nnuma
737 2651 765 2697 et
775 2641 848 2698 rami
861 2641 966 2698 arboris
986 2642 1076 2706 multi,
1091 2641 1141 2698 sed
1157 2636 1243 2699 robur

71 2727 260 2795 unum-tenaci
273 2735 365 2794 radice
379 2735 525 2795 fundatum
536 2757 551 2805 ;,
566 2747 670 2795 etcum
686 2737 720 2794 de
735 2737 811 2795 fonte
831 2755 888 2794 uno
908 2739 961 2794 rivi
975 2737 1088 2812 plurimi
1102 2722 1238 2805 defluunt,

70 2835 254 2893 numerositas
267 2834 334 2892 licet
347 2834 586 2894 diffusarideatur
599 2835 766 2893 exundantis
787 2836 878 2911 copiae
891 2835 1025 2911 largitate,
1041 2832 1131 2892 unitas
1146 2845 1239 2893 nmen

71 2943 193 3011 seruatur
206 2932 236 2991 iu
256 2933 374 3009 origine.
415 2933 513 2990 Avellu
530 2932 639 2992 radium
661 2931 730 2990 solis
742 2952 758 2990 a
771 2924 897 3008 corpore,
911 2928 1079 2990 divisionem
1093 2932 1164 2991 lucis
1177 2934 1241 2991 uni-

40 3050 43 3055 ·
71 3036 109 3085 tas
122 3044 182 3087 non
196 3029 289 3104 capit,
321 3029 365 3093 Ab
379 3030 476 3087 arbore
496 3014 594 3105 frange
613 3048 733 3109 ramum,
754 3028 856 3086 fractus
877 3029 1031 3106 germinare
1052 3049 1109 3089 non
1129 3032 1240 3108 poterit.

70 3123 184 3194 Alonte
206 3124 331 3201 praecide
346 3124 447 3192 rivum,
462 3120 751 3205 praecis'us'arescetr⁶
772 3126 822 3184 Sic
842 3136 870 3184 et
889 3126 1019 3185 Ecclesia
1040 3127 1156 3188 Domini
1177 3132 1240 3190 luce

69 3221 190 3297 perfuse,
205 3241 257 3298 per
270 3223 364 3300 orbem
386 3232 474 3280 totum
494 3223 585 3282 radios
600 3241 666 3281 suos
687 3224 812 3300 porrigit.
829 3248 832 3253 ¹
855 3224 952 3282 Unum
969 3235 1065 3283 tamen
1078 3226 1173 3285 lumen
1187 3238 1239 3296 est,

69 3311 151 3392 quod
165 3319 269 3391 ubique
290 3318 466 3386 diffunditur,
478 3339 531 3378 nec
550 3321 642 3379 unitas
662 3321 788 3396 corporis
808 3333 960 3398 separatur.
992 3323 1108 3380 ΙΙὶιιιιιιιε
1122 3341 1189 3380 suos
1209 3323 1239 3380 in

67 3416 226 3505 universam
241 3425 341 3472 terram
356 3416 438 3492 copia
454 3416 595 3500 ubertatis
609 3416 744 3482 extendit,
759 3410 934 3506 profluentes
944 3418 1089 3494 largiter
1068 3435 1142 3474 rivos
1156 3417 1239 3478 latius

68 3493 217 3587 expandit.
254 3511 351 3569 Unum
364 3521 457 3570 tamen
471 3524 556 3587 caput
568 3494 620 3579 est,
635 3522 664 3568 et
676 3513 755 3588 origo
774 3532 840 3581 una,
855 3525 883 3571 et
896 3530 951 3572 una
964 3525 1052 3571 mater
1065 3513 1239 3573 fecunditatis

69 3608 253 3677 successibus
261 3609 386 3684 copiosa
388 3607 422 3642 ”⁹
461 3609 616 3669 Pulchrior
622 3607 668 3665 vel
687 3611 839 3668 accuratior
858 3612 952 3686 imago
966 3610 1032 3668 fidei
1052 3611 1166 3675 unitatis
1180 3612 1239 3671 dari

68 3705 167 3776 nequit
179 3705 286 3764 lumine
300 3706 369 3763 solis
383 3708 487 3779 ubique
501 3708 592 3765 radios
607 3725 675 3766 suos
689 3703 879 3765 diffundentis.
921 3709 979 3765 Sub
989 3709 1074 3766 finem
1088 3709 1151 3767 libri
1161 3709 1239 3768 dicit:

69 3811 88 3838 ‘⁶
98 3801 178 3860 Deus
192 3820 266 3871 unus
287 3811 339 3870 est,
354 3814 383 3861 et
396 3803 527 3863 Christus
542 3825 629 3882 unus,⁴
639 3817 667 3865 et
686 3804 893 3866 unarEcclesia
912 3805 984 3881 ejus,
1002 3817 1030 3863 et
1049 3804 1119 3874 fides
1133 3825 1198 3875 una,
1213 3820 1242 3865 et

69 3898 172 3974 plebs
164 3916 194 3954 ru
208 3896 328 3954 solidam
342 3900 466 3974 corporis
480 3901 613 3961 unitatem
628 3903 784 3961 concordiae
794 3900 903 3978 glutino
917 3901 1053 3979 copulata.
1057 3900 1076 3928 ”
1118 3901 1241 3961 Distinc·
1246 3932 1256 3948 ·-

71 3995 110 4052 tio·
123 3993 171 4052 illa
184 3992 434 4063 fundamentalium
448 3996 608 4074 dogmatum
628 4001 661 4057 ab
682 4000 743 4057 allis
758 4018 819 4072 quae
835 3998 898 4071 quis
911 4016 1019 4081 negare
1026 4009 1123 4075 posset
1135 3986 1240 4099 absque

52 4166 56 4173 ¹
71 4089 184 4150 unitatis
199 4089 364 4150 detrimento
378 4093 481 4187 plane
474 4106 573 4172 ugnota
582 4097 654 4155 fult'
646 4094 757 4207 insigni
743 4097 829 4154 huic
844 4096 988 4179 Scriptori.

90 4186 367 4267 ..attrectatores
390 4190 617 4270 constantitiper
632 4193 732 4253 omnio
754 4190 876 4251 saeculn
883 4190 1077 4268 tribunalium
1101 4194 1240 4257 Ecclesia

68 4261 168 4363 prasi.
209 4289 318 4348 Omnes
338 4285 476 4363 quotquot
495 4286 651 4369 adinventae
676 4301 742 4354 suut
766 4291 915 4368 opiniones
943 4288 1081 4351 Ecclesia
1104 4283 1241 4352 doctrinae

105 4480 182 4543 (118.
191 4482 301 4548 Cyprias
314 4431 371 4533 lde
383 4483 449 4534 Unit.
462 4437 528 4533 Eccl.
540 4485 702 4573 submittam.

107 4564 142 4626 (2)
159 4566 276 4675 Cyprisu.
288 4566 390 4617 Ibidem.
600 4578 601 4582 ’
