<?xml version="1.0" encoding="UTF-8"?>
<!DOCTYPE html PUBLIC "-//W3C//DTD XHTML 1.0 Transitional//EN"
    "http://www.w3.org/TR/xhtml1/DTD/xhtml1-transitional.dtd">
<html xmlns="http://www.w3.org/1999/xhtml" xml:lang="en" lang="en">
 <head>
  <title>
</title>
<meta http-equiv="Content-Type" content="text/html;charset=utf-8" />
  <meta name='ocr-system' content='tesseract 3.04.00' />
  <meta name='ocr-capabilities' content='ocr_page ocr_carea ocr_par ocr_line ocrx_word'/>
</head>
<body>
  <div class='ocr_page' id='page_1' title='image "./theologidogmati00kenrgoog_0421.png"; bbox 0 0 2738 5032; ppageno 0'>
   <div class='ocr_carea' id='block_1_1' title="bbox 123 144 1101 255">
    <p class='ocr_par' dir='ltr' id='par_1_1' title="bbox 123 144 1101 255">
     <span class='ocr_line' id='line_1_1' title="bbox 123 144 1101 255; baseline -0.004 -5"><span class='ocrx_word' id='word_1_1' title='bbox 123 192 183 250; x_wconf 82' lang='grc' dir='ltr'><strong>ιιι</strong></span> <span class='ocrx_word' id='word_1_2' title='bbox 429 187 484 248; x_wconf 85' lang='lat' dir='ltr'><strong>ne</strong></span> <span class='ocrx_word' id='word_1_3' title='bbox 507 186 785 248; x_wconf 83' lang='lat' dir='ltr'><strong>vnnsrournus</strong></span> <span class='ocrx_word' id='word_1_4' title='bbox 807 144 1015 255; x_wconf 77' lang='lat' dir='ltr'><strong>inmunis.</strong></span> <span class='ocrx_word' id='word_1_5' title='bbox 1097 244 1101 253; x_wconf 85' lang='grc'><em>,</em></span> 
     </span>
    </p>
   </div>
   <div class='ocr_carea' id='block_1_2' title="bbox 101 340 1319 3736">
    <p class='ocr_par' dir='ltr' id='par_1_2' title="bbox 121 340 1318 1201">
     <span class='ocr_line' id='line_1_2' title="bbox 131 340 1317 425; baseline -0.006 -16"><span class='ocrx_word' id='word_1_6' title='bbox 131 352 135 363; x_wconf 90' lang='grc'><strong>“</strong></span> <span class='ocrx_word' id='word_1_7' title='bbox 161 349 246 418; x_wconf 88' lang='lat' dir='ltr'><strong>Quod</strong></span> <span class='ocrx_word' id='word_1_8' title='bbox 273 347 308 406; x_wconf 82' lang='lat' dir='ltr'><strong>ad</strong></span> <span class='ocrx_word' id='word_1_9' title='bbox 336 349 530 406; x_wconf 85' lang='lat' dir='ltr'><strong>auctoritatem</strong></span> <span class='ocrx_word' id='word_1_10' title='bbox 556 347 742 425; x_wconf 72' lang='lat' dir='ltr'><strong>Septuaginta</strong></span> <span class='ocrx_word' id='word_1_11' title='bbox 767 346 917 405; x_wconf 71' lang='lat' dir='ltr'>versionis</span> <span class='ocrx_word' id='word_1_12' title='bbox 943 347 1066 407; x_wconf 83' lang='lat' dir='ltr'><strong>maxime</strong></span> <span class='ocrx_word' id='word_1_13' title='bbox 1092 347 1170 413; x_wconf 84' lang='lat' dir='ltr'><strong>lacit,</strong></span> <span class='ocrx_word' id='word_1_14' title='bbox 1196 340 1260 403; x_wconf 79' lang='lat' dir='ltr'><strong>eam</strong></span> <span class='ocrx_word' id='word_1_15' title='bbox 1282 344 1317 402; x_wconf 86' lang='lat' dir='ltr'><strong>ab</strong></span> 
     </span>
     <span class='ocr_line' id='line_1_3' title="bbox 121 440 1313 522; baseline -0.003 -18"><span class='ocrx_word' id='word_1_16' title='bbox 121 446 269 522; x_wconf 78' lang='lat' dir='ltr'><strong>Apostolis</strong></span> <span class='ocrx_word' id='word_1_17' title='bbox 283 445 424 504; x_wconf 87' lang='lat' dir='ltr'><strong>Ecclesiis</strong></span> <span class='ocrx_word' id='word_1_18' title='bbox 440 445 568 503; x_wconf 75' lang='lat' dir='ltr'>traditam</span> <span class='ocrx_word' id='word_1_19' title='bbox 583 455 702 508; x_wconf 87' lang='lat' dir='ltr'><strong>constat,</strong></span> <span class='ocrx_word' id='word_1_20' title='bbox 716 463 768 501; x_wconf 91' lang='lat' dir='ltr'><strong>nec</strong></span> <span class='ocrx_word' id='word_1_21' title='bbox 782 445 859 501; x_wconf 88' lang='lat' dir='ltr'><strong>euim</strong></span> <span class='ocrx_word' id='word_1_22' title='bbox 874 445 946 501; x_wconf 89' lang='lat' dir='ltr'><strong>aliua</strong></span> <span class='ocrx_word' id='word_1_23' title='bbox 961 443 1018 501; x_wconf 87' lang='lat' dir='ltr'><strong>lere</strong></span> <span class='ocrx_word' id='word_1_24' title='bbox 1039 442 1130 501; x_wconf 84' lang='lat' dir='ltr'><strong>codex</strong></span> <span class='ocrx_word' id='word_1_25' title='bbox 1152 461 1204 520; x_wconf 91' lang='lat' dir='ltr'><strong>per</strong></span> <span class='ocrx_word' id='word_1_26' title='bbox 1217 440 1313 519; x_wconf 86' lang='lat' dir='ltr'><strong>priora</strong></span> 
     </span>
     <span class='ocr_line' id='line_1_4' title="bbox 122 536 1314 616; baseline -0.003 -16"><span class='ocrx_word' id='word_1_27' title='bbox 122 542 174 600; x_wconf 88' lang='lat' dir='ltr'><strong>tria</strong></span> <span class='ocrx_word' id='word_1_28' title='bbox 187 540 292 613; x_wconf 71' lang='lat' dir='ltr'><strong>sucula</strong></span> <span class='ocrx_word' id='word_1_29' title='bbox 306 540 333 598; x_wconf 89' lang='lat' dir='ltr'><strong>in</strong></span> <span class='ocrx_word' id='word_1_30' title='bbox 348 560 401 598; x_wconf 92' lang='lat' dir='ltr'><strong>usu</strong></span> <span class='ocrx_word' id='word_1_31' title='bbox 417 553 485 608; x_wconf 90' lang='lat' dir='ltr'><strong>crat,</strong></span> <span class='ocrx_word' id='word_1_32' title='bbox 500 559 620 613; x_wconf 88' lang='lat' dir='ltr'><strong>eamque</strong></span> <span class='ocrx_word' id='word_1_33' title='bbox 635 541 776 616; x_wconf 79' lang='lat' dir='ltr'><strong>Apostoli,</strong></span> <span class='ocrx_word' id='word_1_34' title='bbox 791 539 1075 598; x_wconf 86' lang='lat' dir='ltr'><strong>citandotestimonia</strong></span> <span class='ocrx_word' id='word_1_35' title='bbox 1089 536 1191 597; x_wconf 67' lang='lat' dir='ltr'><strong>ueteris</strong></span> <span class='ocrx_word' id='word_1_36' title='bbox 1214 538 1314 596; x_wconf 71' lang='lat' dir='ltr'><strong>&#39;festa</strong></span> 
     </span>
     <span class='ocr_line' id='line_1_5' title="bbox 126 636 1318 714; baseline -0.005 -17"><span class='ocrx_word' id='word_1_37' title='bbox 126 638 226 706; x_wconf 84' lang='lat' dir='ltr'><strong>menti,</strong></span> <span class='ocrx_word' id='word_1_38' title='bbox 241 640 333 697; x_wconf 87' lang='lat' dir='ltr'><strong>secuti</strong></span> <span class='ocrx_word' id='word_1_39' title='bbox 355 651 430 705; x_wconf 90' lang='lat' dir='ltr'><strong>sunt,</strong></span> <span class='ocrx_word' id='word_1_40' title='bbox 452 638 492 695; x_wconf 91' lang='lat' dir='ltr'><strong>nti</strong></span> <span class='ocrx_word' id='word_1_41' title='bbox 513 638 549 695; x_wconf 91' lang='lat' dir='ltr'><strong>iis</strong></span> <span class='ocrx_word' id='word_1_42' title='bbox 570 637 679 696; x_wconf 85' lang='lat' dir='ltr'><strong>collatis</strong></span> <span class='ocrx_word' id='word_1_43' title='bbox 700 637 796 694; x_wconf 85' lang='lat' dir='ltr'><strong>videre</strong></span> <span class='ocrx_word' id='word_1_44' title='bbox 815 641 883 694; x_wconf 68' lang='grc' dir='ltr'><strong>ιιιΙ</strong></span> <span class='ocrx_word' id='word_1_45' title='bbox 924 636 975 695; x_wconf 90' lang='lat' dir='ltr'><strong>Nil</strong></span> <span class='ocrx_word' id='word_1_46' title='bbox 996 637 1080 714; x_wconf 90' lang='lat' dir='ltr'><strong>igitur</strong></span> <span class='ocrx_word' id='word_1_47' title='bbox 1100 637 1203 695; x_wconf 90' lang='lat' dir='ltr'><strong>miram</strong></span> <span class='ocrx_word' id='word_1_48' title='bbox 1219 636 1318 693; x_wconf 87' lang='lat' dir='ltr'><strong>Patres</strong></span> 
     </span>
     <span class='ocr_line' id='line_1_6' title="bbox 123 734 1313 812; baseline -0.003 -17"><span class='ocrx_word' id='word_1_49' title='bbox 123 736 331 796; x_wconf 84' lang='lat' dir='ltr'><strong>vetustissimos</strong></span> <span class='ocrx_word' id='word_1_50' title='bbox 345 737 380 795; x_wconf 90' lang='lat' dir='ltr'><strong>de</strong></span> <span class='ocrx_word' id='word_1_51' title='bbox 394 756 428 795; x_wconf 87' lang='lat' dir='ltr'><strong>ea</strong></span> <span class='ocrx_word' id='word_1_52' title='bbox 442 754 554 797; x_wconf 87' lang='lat' dir='ltr'><strong>summa</strong></span> <span class='ocrx_word' id='word_1_53' title='bbox 567 755 631 794; x_wconf 92' lang='lat' dir='ltr'><strong>cnm</strong></span> <span class='ocrx_word' id='word_1_54' title='bbox 646 737 827 794; x_wconf 84' lang='lat' dir='ltr'><strong>veneratione</strong></span> <span class='ocrx_word' id='word_1_55' title='bbox 840 735 961 803; x_wconf 87' lang='lat' dir='ltr'><strong>locutos,</strong></span> <span class='ocrx_word' id='word_1_56' title='bbox 974 735 1044 793; x_wconf 86' lang='lat' dir='ltr'><strong>adeo</strong></span> <span class='ocrx_word' id='word_1_57' title='bbox 1059 744 1090 792; x_wconf 94' lang='lat' dir='ltr'><strong>ut</strong></span> <span class='ocrx_word' id='word_1_58' title='bbox 1104 734 1313 812; x_wconf 70' lang='lat' dir='ltr'><strong>Hieronymus,</strong></span> 
     </span>
     <span class='ocr_line' id='line_1_7' title="bbox 122 833 1314 912; baseline -0.002 -20"><span class='ocrx_word' id='word_1_59' title='bbox 122 834 289 912; x_wconf 88' lang='lat' dir='ltr'><strong>plerumque</strong></span> <span class='ocrx_word' id='word_1_60' title='bbox 304 836 330 893; x_wconf 90' lang='lat' dir='ltr'><strong>ei</strong></span> <span class='ocrx_word' id='word_1_61' title='bbox 345 836 480 908; x_wconf 85' lang='lat' dir='ltr'>iniquior,</span> <span class='ocrx_word' id='word_1_62' title='bbox 495 852 710 907; x_wconf 81' lang='lat' dir='ltr'><strong>nonnumquam</strong></span> <span class='ocrx_word' id='word_1_63' title='bbox 725 834 871 892; x_wconf 87' lang='lat' dir='ltr'><strong>communi</strong></span> <span class='ocrx_word' id='word_1_64' title='bbox 885 835 1032 895; x_wconf 83' lang='lat' dir='ltr'><strong>sententiae</strong></span> <span class='ocrx_word' id='word_1_65' title='bbox 1046 833 1163 901; x_wconf 88' lang='lat' dir='ltr'><strong>cedens,</strong></span> <span class='ocrx_word' id='word_1_66' title='bbox 1177 833 1314 909; x_wconf 86' lang='lat' dir='ltr'><strong>iuterpre-</strong></span> 
     </span>
     <span class='ocr_line' id='line_1_8' title="bbox 123 928 1315 1010; baseline -0.001 -21"><span class='ocrx_word' id='word_1_67' title='bbox 123 944 166 989; x_wconf 84' lang='lat' dir='ltr'><strong>tes</strong></span> <span class='ocrx_word' id='word_1_68' title='bbox 180 930 271 990; x_wconf 87' lang='lat' dir='ltr'><strong>ilios</strong></span> <span class='ocrx_word' id='word_1_69' title='bbox 273 933 401 1010; x_wconf 84' lang='lat' dir='ltr'><strong>Spiritu</strong></span> <span class='ocrx_word' id='word_1_70' title='bbox 422 933 528 990; x_wconf 87' lang='lat' dir='ltr'><strong>Sancto</strong></span> <span class='ocrx_word' id='word_1_71' title='bbox 550 930 672 1009; x_wconf 84' lang='lat' dir='ltr'><strong>plcuos’&#39;</strong></span> <span class='ocrx_word' id='word_1_72' title='bbox 697 930 884 1009; x_wconf 59' lang='lat' dir='ltr'><strong>praedicaret!</strong></span> <span class='ocrx_word' id='word_1_73' title='bbox 925 931 1052 989; x_wconf 87' lang='lat' dir='ltr'><strong>Plurima</strong></span> <span class='ocrx_word' id='word_1_74' title='bbox 1076 949 1162 1009; x_wconf 85' lang='lat' dir='ltr'><strong>passa</strong></span> <span class='ocrx_word' id='word_1_75' title='bbox 1185 943 1233 989; x_wconf 88' lang='lat' dir='ltr'><strong>est</strong></span> <span class='ocrx_word' id='word_1_76' title='bbox 1255 928 1315 988; x_wconf 74' lang='lat' dir='ltr'><strong>hnc</strong></span> 
     </span>
     <span class='ocr_line' id='line_1_9' title="bbox 124 1024 1312 1125; baseline 0.001 -41"><span class='ocrx_word' id='word_1_77' title='bbox 124 1029 217 1108; x_wconf 77' lang='lat' dir='ltr'><strong>versio</strong></span> <span class='ocrx_word' id='word_1_78' title='bbox 231 1028 406 1106; x_wconf 81' lang='lat' dir='ltr'><strong>Scriptorum</strong></span> <span class='ocrx_word' id='word_1_79' title='bbox 420 1029 513 1105; x_wconf 86' lang='lat' dir='ltr'><strong>culpa,</strong></span> <span class='ocrx_word' id='word_1_80' title='bbox 529 1039 650 1086; x_wconf 82' lang='lat' dir='ltr'><strong>attamen</strong></span> <span class='ocrx_word' id='word_1_81' title='bbox 665 1047 761 1106; x_wconf 84' lang='lat' dir='ltr'><strong>magur</strong></span> <span class='ocrx_word' id='word_1_82' title='bbox 753 1024 901 1086; x_wconf 82' lang='lat' dir='ltr'><strong>iacienda</strong></span> <span class='ocrx_word' id='word_1_83' title='bbox 914 1038 969 1096; x_wconf 86' lang='lat' dir='ltr'><strong>est,</strong></span> <span class='ocrx_word' id='word_1_84' title='bbox 980 1039 1009 1086; x_wconf 88' lang='lat' dir='ltr'><strong>et</strong></span> <span class='ocrx_word' id='word_1_85' title='bbox 1020 1028 1195 1125; x_wconf 80' lang='lat' dir='ltr'><strong>Unticorum</strong></span> <span class='ocrx_word' id='word_1_86' title='bbox 1204 1025 1312 1107; x_wconf 85' lang='lat' dir='ltr'><strong>judicio</strong></span> 
     </span>
     <span class='ocr_line' id='line_1_10' title="bbox 123 1102 954 1201; baseline -0.002 -18"><span class='ocrx_word' id='word_1_87' title='bbox 123 1123 153 1183; x_wconf 85' lang='lat' dir='ltr'><strong>in</strong></span> <span class='ocrx_word' id='word_1_88' title='bbox 167 1102 297 1201; x_wconf 86' lang='lat' dir='ltr'><strong>plurimis</strong></span> <span class='ocrx_word' id='word_1_89' title='bbox 313 1137 389 1182; x_wconf 83' lang='lat' dir='ltr'><strong>textu</strong></span> <span class='ocrx_word' id='word_1_90' title='bbox 406 1123 545 1183; x_wconf 90' lang='lat' dir='ltr'><strong>hodierno</strong></span> <span class='ocrx_word' id='word_1_91' title='bbox 558 1124 702 1182; x_wconf 83' lang='lat' dir='ltr'><strong>Hebraico</strong></span> <span class='ocrx_word' id='word_1_92' title='bbox 716 1125 871 1182; x_wconf 77' lang='lat' dir='ltr'><strong>accuratior</strong></span> <span class='ocrx_word' id='word_1_93' title='bbox 885 1129 954 1182; x_wconf 73' lang='lat' dir='ltr'><strong>cst.⁸</strong></span> 
     </span>
    </p>

    <p class='ocr_par' dir='ltr' id='par_1_3' title="bbox 123 1218 1317 2179">
     <span class='ocr_line' id='line_1_11' title="bbox 163 1218 1313 1299; baseline -0.001 -19"><span class='ocrx_word' id='word_1_94' title='bbox 163 1220 303 1299; x_wconf 74' lang='lat' dir='ltr'><strong>Origenes</strong></span> <span class='ocrx_word' id='word_1_95' title='bbox 332 1223 516 1298; x_wconf 82' lang='lat' dir='ltr'><strong>Septuaginta</strong></span> <span class='ocrx_word' id='word_1_96' title='bbox 544 1221 703 1279; x_wconf 83' lang='lat' dir='ltr'><strong>versionem</strong></span> <span class='ocrx_word' id='word_1_97' title='bbox 739 1240 796 1280; x_wconf 85' lang='lat' dir='ltr'><strong>una</strong></span> <span class='ocrx_word' id='word_1_98' title='bbox 825 1241 893 1279; x_wconf 84' lang='lat' dir='ltr'><strong>cum</strong></span> <span class='ocrx_word' id='word_1_99' title='bbox 920 1232 1000 1281; x_wconf 87' lang='lat' dir='ltr'><strong>textu</strong></span> <span class='ocrx_word' id='word_1_100' title='bbox 1029 1219 1183 1289; x_wconf 84' lang='lat' dir='ltr'><strong>Hebraico,</strong></span> <span class='ocrx_word' id='word_1_101' title='bbox 1215 1218 1313 1279; x_wconf 74' lang='lat' dir='ltr'><strong>litteris</strong></span> 
     </span>
     <span class='ocr_line' id='line_1_12' title="bbox 123 1312 1317 1396; baseline 0 -20"><span class='ocrx_word' id='word_1_102' title='bbox 123 1319 269 1392; x_wconf 87' lang='lat' dir='ltr'><strong>utriusque</strong></span> <span class='ocrx_word' id='word_1_103' title='bbox 283 1319 386 1395; x_wconf 80' lang='lat' dir='ltr'><strong>lingua·</strong></span> <span class='ocrx_word' id='word_1_104' title='bbox 408 1337 555 1394; x_wconf 79' lang='lat' dir='ltr'><strong>expresso,</strong></span> <span class='ocrx_word' id='word_1_105' title='bbox 571 1328 599 1375; x_wconf 91' lang='lat' dir='ltr'><strong>et</strong></span> <span class='ocrx_word' id='word_1_106' title='bbox 612 1318 791 1376; x_wconf 81' lang='lat' dir='ltr'><strong>versionibus</strong></span> <span class='ocrx_word' id='word_1_107' title='bbox 813 1318 923 1376; x_wconf 73' lang='lat' dir='ltr'><strong>Graecis</strong></span> <span class='ocrx_word' id='word_1_108' title='bbox 945 1312 1079 1390; x_wconf 76' lang='lat' dir='ltr'><strong>Aquilae,¹</strong></span> <span class='ocrx_word' id='word_1_109' title='bbox 1092 1319 1274 1396; x_wconf 83' lang='lat' dir='ltr'><strong>Symmachi,</strong></span> <span class='ocrx_word' id='word_1_110' title='bbox 1288 1328 1317 1376; x_wconf 93' lang='lat' dir='ltr'><strong>et</strong></span> 
     </span>
     <span class='ocr_line' id='line_1_13' title="bbox 124 1400 1316 1499; baseline 0 -23"><span class='ocrx_word' id='word_1_111' title='bbox 124 1417 345 1495; x_wconf 71' lang='lat' dir='ltr'><strong>Theodotionis,</strong></span> <span class='ocrx_word' id='word_1_112' title='bbox 361 1436 412 1475; x_wconf 85' lang='lat' dir='ltr'><strong>sex</strong></span> <span class='ocrx_word' id='word_1_113' title='bbox 428 1418 569 1475; x_wconf 86' lang='lat' dir='ltr'><strong>columnis</strong></span> <span class='ocrx_word' id='word_1_114' title='bbox 585 1416 724 1484; x_wconf 84' lang='lat' dir='ltr'><strong>exhibuit,</strong></span> <span class='ocrx_word' id='word_1_115' title='bbox 747 1418 850 1491; x_wconf 90' lang='lat' dir='ltr'><strong>quibus</strong></span> <span class='ocrx_word' id='word_1_116' title='bbox 872 1417 941 1485; x_wconf 81' lang='lat' dir='ltr'><strong>duas</strong></span> <span class='ocrx_word' id='word_1_117' title='bbox 956 1417 1034 1475; x_wconf 83' lang='lat' dir='ltr'><strong>&#39;alias</strong></span> <span class='ocrx_word' id='word_1_118' title='bbox 1049 1418 1219 1499; x_wconf 54' lang='lat' dir='ltr'><strong>mersiones,</strong></span> <span class='ocrx_word' id='word_1_119' title='bbox 1240 1400 1316 1477; x_wconf 87' lang='lat' dir='ltr'><strong>nullo</strong></span> 
     </span>
     <span class='ocr_line' id='line_1_14' title="bbox 124 1512 1314 1591; baseline 0 -18"><span class='ocrx_word' id='word_1_120' title='bbox 124 1514 240 1575; x_wconf 90' lang='lat' dir='ltr'><strong>nomine</strong></span> <span class='ocrx_word' id='word_1_121' title='bbox 255 1515 414 1590; x_wconf 86' lang='lat' dir='ltr'><strong>insignitas,</strong></span> <span class='ocrx_word' id='word_1_122' title='bbox 429 1514 565 1590; x_wconf 87' lang='lat' dir='ltr'><strong>deinceps</strong></span> <span class='ocrx_word' id='word_1_123' title='bbox 580 1512 693 1590; x_wconf 86' lang='lat' dir='ltr'><strong>adjecit,</strong></span> <span class='ocrx_word' id='word_1_124' title='bbox 710 1513 850 1590; x_wconf 82' lang='lat' dir='ltr'><strong>Herapla,</strong></span> <span class='ocrx_word' id='word_1_125' title='bbox 863 1524 895 1572; x_wconf 88' lang='lat' dir='ltr'><strong>et</strong></span> <span class='ocrx_word' id='word_1_126' title='bbox 915 1513 1044 1590; x_wconf 77' lang='lat' dir='ltr'><strong>Ortopla</strong></span> <span class='ocrx_word' id='word_1_127' title='bbox 1055 1531 1130 1591; x_wconf 90' lang='lat' dir='ltr'><strong>opus</strong></span> <span class='ocrx_word' id='word_1_128' title='bbox 1144 1532 1263 1584; x_wconf 71' lang='lat' dir='ltr'><strong>ramus,</strong></span> <span class='ocrx_word' id='word_1_129' title='bbox 1278 1518 1314 1573; x_wconf 76' lang='lat' dir='ltr'><strong>bd</strong></span> 
     </span>
     <span class='ocr_line' id='line_1_15' title="bbox 125 1594 1315 1684; baseline 0.002 -18"><span class='ocrx_word' id='word_1_130' title='bbox 125 1610 315 1669; x_wconf 79' lang='lat' dir='ltr'><strong>voluminibus</strong></span> <span class='ocrx_word' id='word_1_131' title='bbox 341 1623 484 1668; x_wconf 89' lang='lat' dir='ltr'><strong>constans.</strong></span> <span class='ocrx_word' id='word_1_132' title='bbox 527 1611 601 1668; x_wconf 73' lang='lat' dir='ltr'><strong>&#39;l&#39;res</strong></span> <span class='ocrx_word' id='word_1_133' title='bbox 617 1611 812 1669; x_wconf 83' lang='lat' dir='ltr'><strong>Recensiuuer</strong></span> <span class='ocrx_word' id='word_1_134' title='bbox 833 1611 1021 1678; x_wconf 86' lang='lat' dir='ltr'><strong>invaluerant,</strong></span> <span class='ocrx_word' id='word_1_135' title='bbox 1035 1594 1143 1670; x_wconf 69' lang='lat' dir='ltr'><strong>saeculo</strong></span> <span class='ocrx_word' id='word_1_136' title='bbox 1154 1621 1275 1684; x_wconf 77' lang='lat' dir='ltr'><strong>quarto,</strong></span> <span class='ocrx_word' id='word_1_137' title='bbox 1288 1620 1315 1669; x_wconf 89' lang='lat' dir='ltr'><strong>et</strong></span> 
     </span>
     <span class='ocr_line' id='line_1_16' title="bbox 125 1698 1313 1786; baseline 0 -20"><span class='ocrx_word' id='word_1_138' title='bbox 125 1707 278 1784; x_wconf 86' lang='lat' dir='ltr'><strong>deinceps:</strong></span> <span class='ocrx_word' id='word_1_139' title='bbox 322 1708 523 1767; x_wconf 82' lang='lat' dir='ltr'><strong>“Alexandria</strong></span> <span class='ocrx_word' id='word_1_140' title='bbox 552 1709 753 1786; x_wconf 78' lang='lat' dir='ltr'><strong>etAEgypms</strong></span> <span class='ocrx_word' id='word_1_141' title='bbox 776 1708 815 1766; x_wconf 87' lang='lat' dir='ltr'><strong>in·</strong></span> <span class='ocrx_word' id='word_1_142' title='bbox 834 1709 1020 1786; x_wconf 77' lang='lat' dir='ltr'><strong>Septuaginta</strong></span> <span class='ocrx_word' id='word_1_143' title='bbox 1041 1710 1102 1769; x_wconf 86' lang='lat' dir='ltr'><strong>suis</strong></span> <span class='ocrx_word' id='word_1_144' title='bbox 1131 1698 1313 1786; x_wconf 78' lang='lat' dir='ltr'><strong>Hesychium</strong></span> 
     </span>
     <span class='ocr_line' id='line_1_17' title="bbox 123 1788 1314 1884; baseline 0.002 -19"><span class='ocrx_word' id='word_1_145' title='bbox 123 1805 238 1865; x_wconf 84' lang='lat' dir='ltr'><strong>laudant</strong></span> <span class='ocrx_word' id='word_1_146' title='bbox 252 1819 404 1865; x_wconf 84' lang='lat' dir='ltr'><strong>auctorem.</strong></span> <span class='ocrx_word' id='word_1_147' title='bbox 448 1807 712 1884; x_wconf 74' lang='lat' dir='ltr'><strong>Constantinopolis</strong></span> <span class='ocrx_word' id='word_1_148' title='bbox 727 1826 818 1880; x_wconf 82' lang='lat' dir='ltr'><strong>usqne</strong></span> <span class='ocrx_word' id='word_1_149' title='bbox 839 1807 1022 1867; x_wconf 78' lang='lat' dir='ltr'><strong>Antiochiam</strong></span> <span class='ocrx_word' id='word_1_150' title='bbox 1043 1788 1165 1869; x_wconf 83' lang='lat' dir='ltr'><strong>Luciani</strong></span> <span class='ocrx_word' id='word_1_151' title='bbox 1185 1807 1314 1884; x_wconf 83' lang='lat' dir='ltr'><strong>martyris</strong></span> 
     </span>
     <span class='ocr_line' id='line_1_18' title="bbox 125 1894 1314 1984; baseline 0.001 -21"><span class='ocrx_word' id='word_1_152' title='bbox 125 1904 299 1983; x_wconf 84' lang='lat' dir='ltr'><strong>exemplaria</strong></span> <span class='ocrx_word' id='word_1_153' title='bbox 313 1906 420 1982; x_wconf 90' lang='lat' dir='ltr'><strong>probat.</strong></span> <span class='ocrx_word' id='word_1_154' title='bbox 465 1906 495 1962; x_wconf 85' lang='grc' dir='ltr'><strong>Μ</strong></span> <span class='ocrx_word' id='word_1_155' title='bbox 499 1905 569 1962; x_wconf 86' lang='lat' dir='ltr'><strong>edim</strong></span> <span class='ocrx_word' id='word_1_156' title='bbox 584 1908 657 1963; x_wconf 88' lang='lat' dir='ltr'><strong>inter</strong></span> <span class='ocrx_word' id='word_1_157' title='bbox 669 1905 721 1963; x_wconf 90' lang='lat' dir='ltr'><strong>has</strong></span> <span class='ocrx_word' id='word_1_158' title='bbox 736 1905 889 1982; x_wconf 78' lang='lat' dir='ltr'><strong>provincis</strong></span> <span class='ocrx_word' id='word_1_159' title='bbox 904 1904 1072 1967; x_wconf 71' lang='lat' dir='ltr'><strong>Palaestinos</strong></span> <span class='ocrx_word' id='word_1_160' title='bbox 1081 1894 1198 1965; x_wconf 76' lang='lat' dir='ltr'><strong>codices</strong></span> <span class='ocrx_word' id='word_1_161' title='bbox 1210 1906 1314 1984; x_wconf 88' lang='lat' dir='ltr'><strong>legunt,</strong></span> 
     </span>
     <span class='ocr_line' id='line_1_19' title="bbox 125 1992 1312 2083; baseline -0.001 -22"><span class='ocrx_word' id='word_1_162' title='bbox 125 2023 197 2077; x_wconf 90' lang='lat' dir='ltr'><strong>quos</strong></span> <span class='ocrx_word' id='word_1_163' title='bbox 209 1992 243 2061; x_wconf 85' lang='lat' dir='ltr'><strong>ab</strong></span> <span class='ocrx_word' id='word_1_164' title='bbox 258 2003 382 2079; x_wconf 86' lang='lat' dir='ltr'><strong>Origene</strong></span> <span class='ocrx_word' id='word_1_165' title='bbox 397 2002 564 2068; x_wconf 87' lang='lat' dir='ltr'><strong>elaboratus,</strong></span> <span class='ocrx_word' id='word_1_166' title='bbox 579 2003 724 2081; x_wconf 86' lang='lat' dir='ltr'><strong>Eusebius</strong></span> <span class='ocrx_word' id='word_1_167' title='bbox 738 2015 767 2061; x_wconf 91' lang='lat' dir='ltr'><strong>et</strong></span> <span class='ocrx_word' id='word_1_168' title='bbox 781 2003 959 2083; x_wconf 87' lang='lat' dir='ltr'><strong>Pamphilius</strong></span> <span class='ocrx_word' id='word_1_169' title='bbox 974 2004 1312 2083; x_wconf 61' lang='lat' dir='ltr'><strong>vulgaverunttotnsqus</strong></span> 
     </span>
     <span class='ocr_line' id='line_1_20' title="bbox 125 2100 898 2179; baseline -0.001 -19"><span class='ocrx_word' id='word_1_170' title='bbox 125 2102 201 2160; x_wconf 84' lang='lat' dir='ltr'><strong>orbis</strong></span> <span class='ocrx_word' id='word_1_171' title='bbox 215 2101 269 2158; x_wconf 91' lang='lat' dir='ltr'><strong>hac</strong></span> <span class='ocrx_word' id='word_1_172' title='bbox 284 2100 400 2159; x_wconf 84' lang='lat' dir='ltr'><strong>interae</strong></span> <span class='ocrx_word' id='word_1_173' title='bbox 416 2100 520 2158; x_wconf 79' lang='lat' dir='ltr'><strong>trifaria</strong></span> <span class='ocrx_word' id='word_1_174' title='bbox 532 2101 663 2158; x_wconf 83' lang='lat' dir='ltr'><strong>varietate</strong></span> <span class='ocrx_word' id='word_1_175' title='bbox 678 2101 898 2179; x_wconf 86' lang='lat' dir='ltr'><strong>compugnat.”⁴</strong></span> 
     </span>
    </p>

    <p class='ocr_par' dir='ltr' id='par_1_4' title="bbox 125 2197 1313 2559">
     <span class='ocr_line' id='line_1_21' title="bbox 165 2197 1312 2277; baseline -0.001 -22"><span class='ocrx_word' id='word_1_176' title='bbox 165 2199 324 2257; x_wconf 85' lang='lat' dir='ltr'><strong>Plurimum</strong></span> <span class='ocrx_word' id='word_1_177' title='bbox 340 2198 457 2253; x_wconf 85' lang='lat' dir='ltr'><strong>inservit</strong></span> <span class='ocrx_word' id='word_1_178' title='bbox 470 2198 656 2272; x_wconf 82' lang='lat' dir='ltr'><strong>Septuaginta</strong></span> <span class='ocrx_word' id='word_1_179' title='bbox 671 2197 774 2277; x_wconf 88' lang='lat' dir='ltr'><strong>Versio</strong></span> <span class='ocrx_word' id='word_1_180' title='bbox 788 2197 822 2254; x_wconf 91' lang='lat' dir='ltr'><strong>ad</strong></span> <span class='ocrx_word' id='word_1_181' title='bbox 845 2199 962 2273; x_wconf 85' lang='lat' dir='ltr'><strong>Novum</strong></span> <span class='ocrx_word' id='word_1_182' title='bbox 972 2198 1197 2276; x_wconf 47' lang='grc' dir='ltr'><strong>,Τιιιιιιιιιιῑιιιιι</strong></span> <span class='ocrx_word' id='word_1_183' title='bbox 1218 2197 1312 2258; x_wconf 90' lang='lat' dir='ltr'><strong>intelli·</strong></span> 
     </span>
     <span class='ocr_line' id='line_1_22' title="bbox 125 2280 1313 2377; baseline 0.001 -27"><span class='ocrx_word' id='word_1_184' title='bbox 125 2293 259 2370; x_wconf 87' lang='lat' dir='ltr'><strong>gendnm,</strong></span> <span class='ocrx_word' id='word_1_185' title='bbox 274 2312 307 2348; x_wconf 87' lang='lat' dir='ltr'><strong>ea</strong></span> <span class='ocrx_word' id='word_1_186' title='bbox 323 2292 398 2348; x_wconf 89' lang='lat' dir='ltr'><strong>enirn</strong></span> <span class='ocrx_word' id='word_1_187' title='bbox 418 2292 518 2347; x_wconf 81' lang='lat' dir='ltr'><strong>Grrrce</strong></span> <span class='ocrx_word' id='word_1_188' title='bbox 532 2291 674 2348; x_wconf 89' lang='lat' dir='ltr'><strong>scribendi</strong></span> <span class='ocrx_word' id='word_1_189' title='bbox 689 2292 759 2349; x_wconf 89' lang='lat' dir='ltr'><strong>ratio</strong></span> <span class='ocrx_word' id='word_1_190' title='bbox 780 2304 825 2352; x_wconf 88' lang='lat' dir='ltr'><strong>est</strong></span> <span class='ocrx_word' id='word_1_191' title='bbox 838 2280 968 2377; x_wconf 31' lang='lat' dir='ltr'><strong>athima,</strong></span> <span class='ocrx_word' id='word_1_192' title='bbox 986 2311 1004 2377; x_wconf 78' lang='lat' dir='ltr'><strong>a</strong></span> <span class='ocrx_word' id='word_1_193' title='bbox 1026 2294 1212 2372; x_wconf 79' lang='lat' dir='ltr'><strong>scriptoribus</strong></span> <span class='ocrx_word' id='word_1_194' title='bbox 1233 2294 1313 2354; x_wconf 89' lang='lat' dir='ltr'><strong>sacris</strong></span> 
     </span>
     <span class='ocr_line' id='line_1_23' title="bbox 127 2386 1312 2483; baseline 0.003 -35"><span class='ocrx_word' id='word_1_195' title='bbox 127 2406 190 2463; x_wconf 79' lang='lat' dir='ltr'><strong>qum</strong></span> <span class='ocrx_word' id='word_1_196' title='bbox 202 2409 218 2444; x_wconf 90' lang='lat' dir='ltr'><strong>a</strong></span> <span class='ocrx_word' id='word_1_197' title='bbox 232 2387 349 2444; x_wconf 84' lang='lat' dir='ltr'><strong>vetustis</strong></span> <span class='ocrx_word' id='word_1_198' title='bbox 375 2386 583 2460; x_wconf 86' lang='lat' dir='ltr'><strong>interpretibus,</strong></span> <span class='ocrx_word' id='word_1_199' title='bbox 598 2406 615 2442; x_wconf 87' lang='lat' dir='ltr'><strong>a</strong></span> <span class='ocrx_word' id='word_1_200' title='bbox 631 2387 797 2446; x_wconf 74' lang='lat' dir='ltr'><strong>Graecorum</strong></span> <span class='ocrx_word' id='word_1_201' title='bbox 818 2388 1018 2465; x_wconf 87' lang='lat' dir='ltr'><strong>plerorumque</strong></span> <span class='ocrx_word' id='word_1_202' title='bbox 1041 2391 1212 2483; x_wconf 81' lang='lat' dir='ltr'><strong>scriptorum</strong></span> <span class='ocrx_word' id='word_1_203' title='bbox 1236 2392 1312 2469; x_wconf 82' lang='lat' dir='ltr'><strong>longe</strong></span> 
     </span>
     <span class='ocr_line' id='line_1_24' title="bbox 127 2478 1312 2559; baseline 0 -14"><span class='ocrx_word' id='word_1_204' title='bbox 127 2484 251 2545; x_wconf 89' lang='lat' dir='ltr'><strong>distans:</strong></span> <span class='ocrx_word' id='word_1_205' title='bbox 283 2480 540 2557; x_wconf 85' lang='lat' dir='ltr'><strong>liebrarcaqurppe</strong></span> <span class='ocrx_word' id='word_1_206' title='bbox 551 2480 682 2539; x_wconf 80' lang='lat' dir='ltr'><strong>idiomata</strong></span> <span class='ocrx_word' id='word_1_207' title='bbox 691 2478 847 2559; x_wconf 88' lang='lat' dir='ltr'><strong>etphrases</strong></span> <span class='ocrx_word' id='word_1_208' title='bbox 857 2484 966 2545; x_wconf 76' lang='lat' dir='ltr'><strong>Graes</strong></span> <span class='ocrx_word' id='word_1_209' title='bbox 975 2482 1119 2546; x_wconf 70' lang='lat' dir='ltr'><strong>roodnuhs</strong></span> <span class='ocrx_word' id='word_1_210' title='bbox 1129 2490 1312 2549; x_wconf 81' lang='lat' dir='ltr'><strong>enuntiarunt</strong></span> 
     </span>
    </p>

    <p class='ocr_par' dir='ltr' id='par_1_5' title="bbox 128 2568 1314 2952">
     <span class='ocr_line' id='line_1_25' title="bbox 167 2568 1313 2663; baseline 0.002 -23.016"><span class='ocrx_word' id='word_1_211' title='bbox 167 2579 289 2661; x_wconf 78' lang='lat' dir='ltr'><strong>dquila,</strong></span> <span class='ocrx_word' id='word_1_212' title='bbox 305 2598 389 2654; x_wconf 91' lang='lat' dir='ltr'><strong>quem</strong></span> <span class='ocrx_word' id='word_1_213' title='bbox 404 2577 537 2637; x_wconf 79' lang='lat' dir='ltr'><strong>Judaeun</strong></span> <span class='ocrx_word' id='word_1_214' title='bbox 559 2579 647 2637; x_wconf 81' lang='lat' dir='ltr'><strong>luisse</strong></span> <span class='ocrx_word' id='word_1_215' title='bbox 668 2599 705 2638; x_wconf 82' lang='lat' dir='ltr'><strong>er</strong></span> <span class='ocrx_word' id='word_1_216' title='bbox 726 2576 836 2639; x_wconf 80' lang='lat' dir='ltr'><strong>lrenao</strong></span> <span class='ocrx_word' id='word_1_217' title='bbox 850 2581 1002 2663; x_wconf 89' lang='lat' dir='ltr'><strong>colligitur,</strong></span> <span class='ocrx_word' id='word_1_218' title='bbox 1016 2568 1090 2643; x_wconf 81' lang='lat' dir='ltr'><strong>iuter</strong></span> <span class='ocrx_word' id='word_1_219' title='bbox 1108 2586 1219 2644; x_wconf 79' lang='lat' dir='ltr'><strong>annum</strong></span> <span class='ocrx_word' id='word_1_220' title='bbox 1233 2590 1270 2645; x_wconf 80' lang='lat'><strong>90</strong></span> <span class='ocrx_word' id='word_1_221' title='bbox 1288 2595 1313 2643; x_wconf 91' lang='lat' dir='ltr'><strong>et</strong></span> 
     </span>
     <span class='ocr_line' id='line_1_26' title="bbox 131 2675 1314 2757; baseline 0 -18"><span class='ocrx_word' id='word_1_222' title='bbox 131 2684 187 2739; x_wconf 81' lang='lat'><strong>130</strong></span> <span class='ocrx_word' id='word_1_223' title='bbox 203 2700 219 2736; x_wconf 90' lang='lat' dir='ltr'><strong>a</strong></span> <span class='ocrx_word' id='word_1_224' title='bbox 233 2677 351 2736; x_wconf 86' lang='lat' dir='ltr'><strong>Christo</strong></span> <span class='ocrx_word' id='word_1_225' title='bbox 366 2689 440 2741; x_wconf 89' lang='lat' dir='ltr'><strong>nato,</strong></span> <span class='ocrx_word' id='word_1_226' title='bbox 457 2675 617 2752; x_wconf 86' lang='lat' dir='ltr'><strong>Scripturas</strong></span> <span class='ocrx_word' id='word_1_227' title='bbox 636 2676 741 2736; x_wconf 77' lang='lat' dir='ltr'><strong>Graece</strong></span> <span class='ocrx_word' id='word_1_228' title='bbox 760 2676 884 2737; x_wconf 87' lang='lat' dir='ltr'><strong>reddidit</strong></span> <span class='ocrx_word' id='word_1_229' title='bbox 897 2680 1043 2740; x_wconf 88' lang='lat' dir='ltr'><strong>obscurius</strong></span> <span class='ocrx_word' id='word_1_230' title='bbox 1055 2680 1240 2757; x_wconf 86' lang='lat' dir='ltr'><strong>quandoque,</strong></span> <span class='ocrx_word' id='word_1_231' title='bbox 1256 2683 1314 2756; x_wconf 89' lang='lat' dir='ltr'><strong>quia</strong></span> 
     </span>
     <span class='ocr_line' id='line_1_27' title="bbox 128 2773 1315 2857; baseline 0.003 -21"><span class='ocrx_word' id='word_1_232' title='bbox 128 2778 266 2856; x_wconf 86' lang='lat' dir='ltr'><strong>pressius,</strong></span> <span class='ocrx_word' id='word_1_233' title='bbox 280 2776 348 2848; x_wconf 89' lang='lat' dir='ltr'><strong>quin</strong></span> <span class='ocrx_word' id='word_1_234' title='bbox 364 2784 480 2852; x_wconf 87' lang='lat' dir='ltr'><strong>propter</strong></span> <span class='ocrx_word' id='word_1_235' title='bbox 494 2773 591 2831; x_wconf 89' lang='lat' dir='ltr'><strong>odium</strong></span> <span class='ocrx_word' id='word_1_236' title='bbox 602 2774 712 2833; x_wconf 87' lang='lat' dir='ltr'><strong>Christi</strong></span> <span class='ocrx_word' id='word_1_237' title='bbox 724 2776 831 2850; x_wconf 84' lang='lat' dir='ltr'><strong>aliquid</strong></span> <span class='ocrx_word' id='word_1_238' title='bbox 840 2778 998 2847; x_wconf 83' lang='lat' dir='ltr'><strong>mutaverit,</strong></span> <span class='ocrx_word' id='word_1_239' title='bbox 1007 2778 1105 2855; x_wconf 88' lang='lat' dir='ltr'><strong>jndice</strong></span> <span class='ocrx_word' id='word_1_240' title='bbox 1116 2778 1315 2857; x_wconf 83' lang='lat' dir='ltr'><strong>Hieronymo,</strong></span> 
     </span>
     <span class='ocr_line' id='line_1_28' title="bbox 129 2863 1085 2952; baseline 0.003 -20"><span class='ocrx_word' id='word_1_241' title='bbox 129 2875 259 2950; x_wconf 87' lang='lat' dir='ltr'><strong>quamvis</strong></span> <span class='ocrx_word' id='word_1_242' title='bbox 274 2873 370 2931; x_wconf 78' lang='lat' dir='ltr'><strong>forsan</strong></span> <span class='ocrx_word' id='word_1_243' title='bbox 386 2891 443 2929; x_wconf 88' lang='grc' dir='ltr'><strong>ιιοιι</strong></span> <span class='ocrx_word' id='word_1_244' title='bbox 457 2882 543 2928; x_wconf 86' lang='lat' dir='ltr'><strong>totam</strong></span> <span class='ocrx_word' id='word_1_245' title='bbox 560 2872 619 2929; x_wconf 83' lang='lat' dir='ltr'><strong>vim</strong></span> <span class='ocrx_word' id='word_1_246' title='bbox 634 2863 783 2931; x_wconf 89' lang='lat' dir='ltr'><strong>verborum</strong></span> <span class='ocrx_word' id='word_1_247' title='bbox 797 2875 902 2948; x_wconf 91' lang='lat' dir='ltr'><strong>ubique</strong></span> <span class='ocrx_word' id='word_1_248' title='bbox 915 2877 1085 2952; x_wconf 51' lang='lat' dir='ltr'><strong>agnoverit,</strong></span> 
     </span>
    </p>

    <p class='ocr_par' dir='ltr' id='par_1_6' title="bbox 101 2966 1318 3441">
     <span class='ocr_line' id='line_1_29' title="bbox 174 2966 1314 3064; baseline 0.004 -37"><span class='ocrx_word' id='word_1_249' title='bbox 174 2966 367 3034; x_wconf 78' lang='lat' dir='ltr'><strong>Theodotius,</strong></span> <span class='ocrx_word' id='word_1_250' title='bbox 383 2967 540 3043; x_wconf 84' lang='lat' dir='ltr'><strong>Ephesius,</strong></span> <span class='ocrx_word' id='word_1_251' title='bbox 557 2977 576 3003; x_wconf 79' lang='lat'><strong>‘⁶</strong></span> <span class='ocrx_word' id='word_1_252' title='bbox 586 2966 748 3027; x_wconf 90' lang='lat' dir='ltr'><strong>incredulus</strong></span> <span class='ocrx_word' id='word_1_253' title='bbox 763 2970 825 3038; x_wconf 85' lang='lat' dir='ltr'><strong>tuit,</strong></span> <span class='ocrx_word' id='word_1_254' title='bbox 839 2970 907 3043; x_wconf 82' lang='lat' dir='ltr'><strong>iicet</strong></span> <span class='ocrx_word' id='word_1_255' title='bbox 920 2971 1110 3044; x_wconf 89' lang='lat' dir='ltr'><strong>eumqnidam</strong></span> <span class='ocrx_word' id='word_1_256' title='bbox 1123 2973 1221 3064; x_wconf 82' lang='lat' dir='ltr'><strong>dicant</strong></span> <span class='ocrx_word' id='word_1_257' title='bbox 1234 2974 1314 3032; x_wconf 85' lang='lat' dir='ltr'><strong>Ebio-</strong></span> 
     </span>
     <span class='ocr_line' id='line_1_30' title="bbox 131 3063 1317 3169; baseline 0.002 -41"><span class='ocrx_word' id='word_1_258' title='bbox 131 3070 293 3141; x_wconf 84' lang='lat' dir='ltr'><strong>uitam,an</strong></span> <span class='ocrx_word' id='word_1_259' title='bbox 286 3065 396 3123; x_wconf 84' lang='lat' dir='ltr'><strong>altero</strong></span> <span class='ocrx_word' id='word_1_260' title='bbox 411 3076 515 3141; x_wconf 75' lang='lat' dir='ltr'><strong>gernere</strong></span> <span class='ocrx_word' id='word_1_261' title='bbox 529 3065 545 3122; x_wconf 84' lang='lat' dir='ltr'>J</span> <span class='ocrx_word' id='word_1_262' title='bbox 550 3063 647 3124; x_wconf 87' lang='lat' dir='ltr'><strong>rrdacus</strong></span> <span class='ocrx_word' id='word_1_263' title='bbox 661 3078 730 3135; x_wconf 89' lang='lat' dir='ltr'><strong>erat,</strong></span> <span class='ocrx_word' id='word_1_264' title='bbox 733 3066 767 3102; x_wconf 82' lang='lat'><strong>”⁰</strong></span> <span class='ocrx_word' id='word_1_265' title='bbox 787 3069 883 3128; x_wconf 89' lang='lat' dir='ltr'><strong>medio</strong></span> <span class='ocrx_word' id='word_1_266' title='bbox 894 3069 1001 3128; x_wconf 76' lang='lat' dir='ltr'><strong>strumo</strong></span> <span class='ocrx_word' id='word_1_267' title='bbox 1021 3071 1149 3130; x_wconf 91' lang='lat' dir='ltr'><strong>secando</strong></span> <span class='ocrx_word' id='word_1_268' title='bbox 1169 3074 1317 3169; x_wconf 83' lang='lat' dir='ltr'><strong>scripturas</strong></span> 
     </span>
     <span class='ocr_line' id='line_1_31' title="bbox 131 3160 1317 3268; baseline 0.003 -43"><span class='ocrx_word' id='word_1_269' title='bbox 131 3177 241 3225; x_wconf 86' lang='lat' dir='ltr'><strong>veteres</strong></span> <span class='ocrx_word' id='word_1_270' title='bbox 257 3164 358 3222; x_wconf 71' lang='lat' dir='ltr'><strong>Gracc</strong></span> <span class='ocrx_word' id='word_1_271' title='bbox 373 3160 503 3220; x_wconf 85' lang='lat' dir='ltr'><strong>reddidit</strong></span> <span class='ocrx_word' id='word_1_272' title='bbox 546 3161 590 3220; x_wconf 89' lang='lat' dir='ltr'><strong>De</strong></span> <span class='ocrx_word' id='word_1_273' title='bbox 611 3181 647 3220; x_wconf 92' lang='lat' dir='ltr'><strong>eo</strong></span> <span class='ocrx_word' id='word_1_274' title='bbox 670 3163 767 3223; x_wconf 90' lang='lat' dir='ltr'><strong>scribit</strong></span> <span class='ocrx_word' id='word_1_275' title='bbox 792 3164 1007 3245; x_wconf 88' lang='lat' dir='ltr'><strong>Hieronymus:</strong></span> <span class='ocrx_word' id='word_1_276' title='bbox 1031 3168 1243 3268; x_wconf 84' lang='lat' dir='ltr'><strong>“simplicitate</strong></span> <span class='ocrx_word' id='word_1_277' title='bbox 1264 3188 1317 3228; x_wconf 90' lang='lat' dir='ltr'><strong>ser·</strong></span> 
     </span>
     <span class='ocr_line' id='line_1_32' title="bbox 137 3258 802 3349; baseline -0.005 -27"><span class='ocrx_word' id='word_1_278' title='bbox 137 3263 233 3323; x_wconf 90' lang='lat' dir='ltr'><strong>monis</strong></span> <span class='ocrx_word' id='word_1_279' title='bbox 248 3281 264 3318; x_wconf 94' lang='lat' dir='ltr'><strong>a</strong></span> <span class='ocrx_word' id='word_1_280' title='bbox 277 3265 316 3320; x_wconf 82' lang='lat'><strong>70</strong></span> <span class='ocrx_word' id='word_1_281' title='bbox 332 3258 530 3349; x_wconf 76' lang='lat' dir='ltr'><strong>interpretibus</strong></span> <span class='ocrx_word' id='word_1_282' title='bbox 542 3278 598 3316; x_wconf 88' lang='grc' dir='ltr'><strong>ιιοιι</strong></span> <span class='ocrx_word' id='word_1_283' title='bbox 614 3259 776 3320; x_wconf 85' lang='lat' dir='ltr'><strong>discordat&#39;</strong></span> <span class='ocrx_word' id='word_1_284' title='bbox 780 3261 802 3302; x_wconf 86' lang='lat'><strong>’⁷</strong></span> 
     </span>
     <span class='ocr_line' id='line_1_33' title="bbox 101 3340 1318 3441; baseline 0.002 -21"><span class='ocrx_word' id='word_1_285' title='bbox 101 3387 104 3396; x_wconf 95' lang='lat'>·</span> <span class='ocrx_word' id='word_1_286' title='bbox 142 3356 385 3441; x_wconf 77' lang='lat' dir='ltr'><strong>Symmachus,</strong></span> <span class='ocrx_word' id='word_1_287' title='bbox 401 3340 541 3414; x_wconf 81' lang='lat' dir='ltr'><strong>Ebionita.</strong></span> <span class='ocrx_word' id='word_1_288' title='bbox 559 3358 611 3415; x_wconf 89' lang='lat' dir='ltr'><strong>sub</strong></span> <span class='ocrx_word' id='word_1_289' title='bbox 637 3358 724 3417; x_wconf 89' lang='lat' dir='ltr'><strong>finem</strong></span> <span class='ocrx_word' id='word_1_290' title='bbox 749 3360 867 3420; x_wconf 89' lang='lat' dir='ltr'><strong>secundi</strong></span> <span class='ocrx_word' id='word_1_291' title='bbox 888 3362 985 3420; x_wconf 75' lang='lat' dir='ltr'><strong>seculi</strong></span> <span class='ocrx_word' id='word_1_292' title='bbox 1008 3363 1160 3440; x_wconf 89' lang='lat' dir='ltr'><strong>scripsisse</strong></span> <span class='ocrx_word' id='word_1_293' title='bbox 1180 3374 1318 3437; x_wconf 76' lang='lat' dir='ltr'><strong>censetur.</strong></span> 
     </span>
    </p>

    <p class='ocr_par' dir='ltr' id='par_1_7' title="bbox 135 3432 1301 3539">
     <span class='ocr_line' id='line_1_34' title="bbox 135 3432 1301 3539; baseline 0.004 -24.146"><span class='ocrx_word' id='word_1_294' title='bbox 135 3458 236 3515; x_wconf 85' lang='lat' dir='ltr'><strong>“Non</strong></span> <span class='ocrx_word' id='word_1_295' title='bbox 253 3453 368 3524; x_wconf 84' lang='lat' dir='ltr'><strong>verbnm</strong></span> <span class='ocrx_word' id='word_1_296' title='bbox 383 3470 399 3508; x_wconf 90' lang='lat' dir='ltr'><strong>c</strong></span> <span class='ocrx_word' id='word_1_297' title='bbox 415 3451 512 3518; x_wconf 75' lang='lat' dir='ltr'><strong>serbo,</strong></span> <span class='ocrx_word' id='word_1_298' title='bbox 527 3463 569 3508; x_wconf 86' lang='lat' dir='ltr'><strong>ut</strong></span> <span class='ocrx_word' id='word_1_299' title='bbox 566 3454 685 3526; x_wconf 82' lang='lat' dir='ltr'><strong>Aquila,</strong></span> <span class='ocrx_word' id='word_1_300' title='bbox 699 3432 750 3513; x_wconf 85' lang='lat' dir='ltr'><strong>sed</strong></span> <span class='ocrx_word' id='word_1_301' title='bbox 766 3471 882 3539; x_wconf 83' lang='lat' dir='ltr'><strong>sensnm</strong></span> <span class='ocrx_word' id='word_1_302' title='bbox 897 3475 934 3515; x_wconf 87' lang='lat' dir='ltr'><strong>ex</strong></span> <span class='ocrx_word' id='word_1_303' title='bbox 947 3476 1033 3521; x_wconf 87' lang='lat' dir='ltr'><strong>sensa</strong></span> <span class='ocrx_word' id='word_1_304' title='bbox 1049 3461 1224 3519; x_wconf 53' lang='lat' dir='ltr'><strong>transtulitst’</strong></span> <span class='ocrx_word' id='word_1_305' title='bbox 1297 3516 1301 3521; x_wconf 85' lang='lat'>.</span> 
     </span>
    </p>

    <p class='ocr_par' dir='ltr' id='par_1_8' title="bbox 135 3532 1319 3736">
     <span class='ocr_line' id='line_1_35' title="bbox 175 3532 1319 3645; baseline 0.01 -35"><span class='ocrx_word' id='word_1_306' title='bbox 175 3553 322 3625; x_wconf 76' lang='lat' dir='ltr'><strong>Pleraque</strong></span> <span class='ocrx_word' id='word_1_307' title='bbox 335 3548 395 3608; x_wconf 86' lang='lat' dir='ltr'><strong>hae</strong></span> <span class='ocrx_word' id='word_1_308' title='bbox 398 3547 542 3606; x_wconf 86' lang='lat' dir='ltr'><strong>versiones</strong></span> <span class='ocrx_word' id='word_1_309' title='bbox 564 3562 665 3626; x_wconf 88' lang='lat' dir='ltr'><strong>praeter</strong></span> <span class='ocrx_word' id='word_1_310' title='bbox 678 3532 862 3630; x_wconf 83' lang='lat' dir='ltr'><strong>Septuaginta</strong></span> <span class='ocrx_word' id='word_1_311' title='bbox 876 3555 983 3612; x_wconf 89' lang='lat' dir='ltr'><strong>sensim</strong></span> <span class='ocrx_word' id='word_1_312' title='bbox 1004 3557 1065 3615; x_wconf 89' lang='lat' dir='ltr'><strong>sine</strong></span> <span class='ocrx_word' id='word_1_313' title='bbox 1080 3573 1168 3618; x_wconf 87' lang='lat' dir='ltr'><strong>sensu</strong></span> <span class='ocrx_word' id='word_1_314' title='bbox 1189 3554 1319 3645; x_wconf 77' lang='lat' dir='ltr'><strong>neglectu</strong></span> 
     </span>
     <span class='ocr_line' id='line_1_36' title="bbox 135 3641 1314 3736; baseline 0.01 -32"><span class='ocrx_word' id='word_1_315' title='bbox 135 3648 207 3725; x_wconf 85' lang='lat' dir='ltr'><strong>pene</strong></span> <span class='ocrx_word' id='word_1_316' title='bbox 222 3646 383 3722; x_wconf 74' lang='lat' dir='ltr'><strong>perierunt,</strong></span> <span class='ocrx_word' id='word_1_317' title='bbox 405 3642 454 3700; x_wconf 87' lang='lat' dir='ltr'><strong>sed</strong></span> <span class='ocrx_word' id='word_1_318' title='bbox 470 3641 617 3704; x_wconf 83' lang='lat' dir='ltr'><strong>docturum</strong></span> <span class='ocrx_word' id='word_1_319' title='bbox 640 3646 787 3727; x_wconf 87' lang='lat' dir='ltr'><strong>homiuum</strong></span> <span class='ocrx_word' id='word_1_320' title='bbox 809 3648 945 3735; x_wconf 85' lang='lat' dir='ltr'><strong>industria</strong></span> <span class='ocrx_word' id='word_1_321' title='bbox 965 3649 1096 3710; x_wconf 85' lang='lat' dir='ltr'><strong>effectum</strong></span> <span class='ocrx_word' id='word_1_322' title='bbox 1112 3664 1157 3712; x_wconf 90' lang='lat' dir='ltr'><strong>est</strong></span> <span class='ocrx_word' id='word_1_323' title='bbox 1176 3667 1209 3713; x_wconf 91' lang='lat' dir='ltr'><strong>ut</strong></span> <span class='ocrx_word' id='word_1_324' title='bbox 1223 3676 1314 3736; x_wconf 84' lang='lat' dir='ltr'><strong>magur</strong></span> 
     </span>
    </p>
   </div>
   <div class='ocr_carea' id='block_1_3' title="bbox 167 3818 1218 3967">
    <p class='ocr_par' dir='ltr' id='par_1_9' title="bbox 167 3818 1218 3967">
     <span class='ocr_line' id='line_1_37' title="bbox 167 3818 1218 3894; baseline 0.009 -24"><span class='ocrx_word' id='word_1_325' title='bbox 167 3823 204 3883; x_wconf 92' lang='lat' dir='ltr'><strong>(l)</strong></span> <span class='ocrx_word' id='word_1_326' title='bbox 219 3819 295 3878; x_wconf 86' lang='lat' dir='ltr'><strong>Jahn,</strong></span> <span class='ocrx_word' id='word_1_327' title='bbox 306 3818 452 3883; x_wconf 83' lang='lat' dir='ltr'><strong>Einleitung</strong></span> <span class='ocrx_word' id='word_1_328' title='bbox 464 3820 478 3876; x_wconf 78' lang='lat'>§</span> <span class='ocrx_word' id='word_1_329' title='bbox 492 3819 582 3868; x_wconf 80' lang='lat' dir='ltr'><strong>xxxvii.</strong></span> <span class='ocrx_word' id='word_1_330' title='bbox 587 3820 738 3873; x_wconf 79' lang='lat' dir='ltr'><strong>Horncroi</strong></span> <span class='ocrx_word' id='word_1_331' title='bbox 750 3823 786 3873; x_wconf 86' lang='lat' dir='ltr'><strong>ll.</strong></span> <span class='ocrx_word' id='word_1_332' title='bbox 797 3841 820 3889; x_wconf 85' lang='lat' dir='ltr'><strong>p.</strong></span> <span class='ocrx_word' id='word_1_333' title='bbox 832 3827 854 3874; x_wconf 93' lang='lat'>1</span> <span class='ocrx_word' id='word_1_334' title='bbox 855 3822 905 3875; x_wconf 87' lang='lat' dir='ltr'><strong>oh.</strong></span> <span class='ocrx_word' id='word_1_335' title='bbox 915 3842 937 3874; x_wconf 81' lang='lat' dir='ltr'>v</span> <span class='ocrx_word' id='word_1_336' title='bbox 947 3818 1033 3877; x_wconf 70' lang='lat' dir='ltr'><strong>secti.</strong></span> <span class='ocrx_word' id='word_1_337' title='bbox 1045 3827 1095 3887; x_wconf 68' lang='lat'><strong>52.</strong></span> <span class='ocrx_word' id='word_1_338' title='bbox 1107 3844 1138 3894; x_wconf 84' lang='lat' dir='ltr'><strong>p.·</strong></span> <span class='ocrx_word' id='word_1_339' title='bbox 1132 3826 1218 3882; x_wconf 69' lang='grc'><strong>·.170“</strong></span> 
     </span>
     <span class='ocr_line' id='line_1_38' title="bbox 168 3903 406 3967; baseline -0.013 -13"><span class='ocrx_word' id='word_1_340' title='bbox 168 3904 205 3967; x_wconf 77' lang='lat'><strong>(2)</strong></span> <span class='ocrx_word' id='word_1_341' title='bbox 222 3903 292 3952; x_wconf 83' lang='lat' dir='ltr'><strong>Prtrf.</strong></span> <span class='ocrx_word' id='word_1_342' title='bbox 304 3903 340 3952; x_wconf 90' lang='lat'><strong>11.</strong></span> <span class='ocrx_word' id='word_1_343' title='bbox 348 3903 406 3951; x_wconf 83' lang='lat' dir='ltr'><strong>Pur.</strong></span> 
     </span>
    </p>
   </div>
   <div class='ocr_carea' id='block_1_4' title="bbox 137 3956 1289 4122">
    <p class='ocr_par' dir='ltr' id='par_1_10' title="bbox 137 3956 1289 4122">
     <span class='ocr_line' id='line_1_39' title="bbox 169 3956 1289 4053; baseline 0.022 -26"><span class='ocrx_word' id='word_1_344' title='bbox 169 3989 205 4049; x_wconf 84' lang='grc'><strong>(3)</strong></span> <span class='ocrx_word' id='word_1_345' title='bbox 222 3993 237 4016; x_wconf 84' lang='grc'>“</span> <span class='ocrx_word' id='word_1_346' title='bbox 245 3987 323 4049; x_wconf 81' lang='lat' dir='ltr'><strong>lllcny</strong></span> <span class='ocrx_word' id='word_1_347' title='bbox 334 3985 410 4034; x_wconf 81' lang='lat' dir='ltr'><strong>uithe</strong></span> <span class='ocrx_word' id='word_1_348' title='bbox 422 3956 538 4049; x_wconf 80' lang='lat' dir='ltr'><strong>readings</strong></span> <span class='ocrx_word' id='word_1_349' title='bbox 550 3986 631 4036; x_wconf 80' lang='lat' dir='ltr'><strong>ulrich</strong></span> <span class='ocrx_word' id='word_1_350' title='bbox 645 3988 666 4037; x_wconf 92' lang='lat' dir='ltr'><strong>it</strong></span> <span class='ocrx_word' id='word_1_351' title='bbox 676 3991 758 4053; x_wconf 86' lang='lat' dir='ltr'><strong>points</strong></span> <span class='ocrx_word' id='word_1_352' title='bbox 768 3999 818 4050; x_wconf 81' lang='lat' dir='ltr'><strong>out,</strong></span> <span class='ocrx_word' id='word_1_353' title='bbox 830 4008 871 4041; x_wconf 87' lang='lat' dir='ltr'><strong>aro</strong></span> <span class='ocrx_word' id='word_1_354' title='bbox 883 3993 932 4042; x_wconf 90' lang='lat' dir='ltr'><strong>still</strong></span> <span class='ocrx_word' id='word_1_355' title='bbox 942 3992 1016 4043; x_wconf 88' lang='lat' dir='ltr'><strong>found</strong></span> <span class='ocrx_word' id='word_1_356' title='bbox 1025 3995 1051 4044; x_wconf 91' lang='lat' dir='ltr'><strong>in</strong></span> <span class='ocrx_word' id='word_1_357' title='bbox 1063 3996 1104 4045; x_wconf 82' lang='lat' dir='ltr'><strong>the</strong></span> <span class='ocrx_word' id='word_1_358' title='bbox 1115 3997 1195 4049; x_wconf 82' lang='lat' dir='ltr'><strong>oldest</strong></span> <span class='ocrx_word' id='word_1_359' title='bbox 1207 4002 1257 4051; x_wconf 84' lang='lat' dir='ltr'><strong>anti</strong></span> <span class='ocrx_word' id='word_1_360' title='bbox 1271 4003 1289 4052; x_wconf 86' lang='lat' dir='ltr'><strong>b</strong></span> 
     </span>
     <span class='ocr_line' id='line_1_40' title="bbox 137 4068 418 4122; baseline -0.028 0"><span class='ocrx_word' id='word_1_361' title='bbox 137 4073 224 4122; x_wconf 85' lang='lat' dir='ltr'><strong>MSS.”</strong></span> <span class='ocrx_word' id='word_1_362' title='bbox 258 4069 351 4117; x_wconf 87' lang='lat' dir='ltr'><strong>Gorsrd</strong></span> <span class='ocrx_word' id='word_1_363' title='bbox 362 4068 418 4115; x_wconf 75' lang='lat'><strong>243.</strong></span> 
     </span>
    </p>
   </div>
   <div class='ocr_carea' id='block_1_5' title="bbox 170 4153 657 4469">
    <p class='ocr_par' dir='ltr' id='par_1_11' title="bbox 170 4153 542 4226">
     <span class='ocr_line' id='line_1_41' title="bbox 170 4153 542 4226; baseline -0.005 -21"><span class='ocrx_word' id='word_1_364' title='bbox 170 4158 209 4220; x_wconf 83' lang='lat' dir='ltr'><strong>(l)</strong></span> <span class='ocrx_word' id='word_1_365' title='bbox 222 4155 366 4226; x_wconf 89' lang='lat' dir='ltr'><strong>Hieronyrn.</strong></span> <span class='ocrx_word' id='word_1_366' title='bbox 378 4153 473 4202; x_wconf 71' lang='lat' dir='ltr'><strong>Prasii</strong></span> <span class='ocrx_word' id='word_1_367' title='bbox 488 4154 542 4204; x_wconf 88' lang='lat' dir='ltr'><strong>Pur.</strong></span> 
     </span>
    </p>

    <p class='ocr_par' dir='ltr' id='par_1_12' title="bbox 170 4235 516 4303">
     <span class='ocr_line' id='line_1_42' title="bbox 170 4235 516 4303; baseline -0.009 -15"><span class='ocrx_word' id='word_1_368' title='bbox 170 4243 212 4303; x_wconf 83' lang='lat'>(5)·</span> <span class='ocrx_word' id='word_1_369' title='bbox 220 4239 265 4302; x_wconf 78' lang='lat' dir='ltr'><strong>Ep.</strong></span> <span class='ocrx_word' id='word_1_370' title='bbox 276 4236 309 4284; x_wconf 75' lang='lat'><strong>24</strong></span> <span class='ocrx_word' id='word_1_371' title='bbox 320 4235 349 4283; x_wconf 87' lang='lat' dir='ltr'><strong>ad</strong></span> <span class='ocrx_word' id='word_1_372' title='bbox 362 4235 516 4303; x_wconf 84' lang='lat' dir='ltr'><strong>Marcellam.</strong></span> 
     </span>
    </p>

    <p class='ocr_par' dir='ltr' id='par_1_13' title="bbox 172 4306 657 4469">
     <span class='ocr_line' id='line_1_43' title="bbox 172 4306 657 4384; baseline -0.006 -12"><span class='ocrx_word' id='word_1_373' title='bbox 172 4324 209 4384; x_wconf 79' lang='lat' dir='ltr'><strong>(li)</strong></span> <span class='ocrx_word' id='word_1_374' title='bbox 222 4322 367 4384; x_wconf 83' lang='lat' dir='ltr'><strong>Hieronym.</strong></span> <span class='ocrx_word' id='word_1_375' title='bbox 379 4317 448 4366; x_wconf 79' lang='lat' dir='ltr'><strong>Prasl.</strong></span> <span class='ocrx_word' id='word_1_376' title='bbox 461 4320 485 4367; x_wconf 88' lang='lat' dir='ltr'><strong>irr</strong></span> <span class='ocrx_word' id='word_1_377' title='bbox 502 4310 598 4369; x_wconf 80' lang='lat' dir='ltr'><strong>Daniel.</strong></span> <span class='ocrx_word' id='word_1_378' title='bbox 655 4306 657 4315; x_wconf 53' lang='lat'><strong>¹</strong></span> 
     </span>
     <span class='ocr_line' id='line_1_44' title="bbox 173 4405 381 4469; baseline -0.029 -12"><span class='ocrx_word' id='word_1_379' title='bbox 173 4411 210 4469; x_wconf 83' lang='lat' dir='ltr'><strong>l&#39;l)</strong></span> <span class='ocrx_word' id='word_1_380' title='bbox 223 4405 291 4455; x_wconf 68' lang='lat' dir='ltr'><strong>Prrei</strong></span> <span class='ocrx_word' id='word_1_381' title='bbox 303 4405 328 4453; x_wconf 90' lang='lat' dir='ltr'><strong>in</strong></span> <span class='ocrx_word' id='word_1_382' title='bbox 341 4405 381 4453; x_wconf 86' lang='lat' dir='ltr'><strong>l’s.</strong></span> 
     </span>
    </p>
   </div>
   <div class='ocr_carea' id='block_1_6' title="bbox 0 0 1382 5032">
    <p class='ocr_par' dir='ltr' id='par_1_14' title="bbox 0 0 1382 5032">
     <span class='ocr_line' id='line_1_45' title="bbox 0 0 1382 5032; baseline 0 0"><span class='ocrx_word' id='word_1_383' title='bbox 0 0 1382 5032; x_wconf 95' lang='lat' dir='ltr'><strong> </strong></span> 
     </span>
    </p>
   </div>
  </div>
 </body>
</html>
