2738 5032
1184 70 1193 99 d

411 107 510 175 oum
532 72 736 166 accensit
757 106 823 164 stu
843 106 938 165 uns,
1212 107 1266 167 ιιι

60 282 98 320 a
115 262 221 333 Gallis,
241 282 323 338 eque
343 285 376 323 ac
398 266 505 323 ceteris
528 284 579 342 per
600 266 697 322 orbem
712 262 880 333 Catholicis,
900 283 1012 326 summa
1032 265 1222 336 veneratione,
1241 277 1271 327 et

63 359 173 435 plena
193 361 250 420 fide
268 362 459 438 excipiuntur,
474 362 603 435 quamvis
626 361 736 436 legibus
758 360 898 433 aliquibus
917 360 953 419 de
971 360 1122 439 disciplina
1139 363 1270 423 nonnulli
1362 418 1366 425 .

57 458 257 526 obstiterint,
270 458 428 535 privilegiis
441 477 538 535 regum
553 457 598 514 vel
611 457 703 534 gentis
718 475 776 514 sue
791 457 891 515 innixi.
934 458 1005 524 Quae
1019 459 1092 517 inter
1103 459 1269 536 Theologos

57 554 227 619 excitatae
242 566 308 612 sunt
321 554 491 628 quaestiones
502 555 536 611 de
545 554 633 632 gratia
640 565 668 610 et
681 552 715 610 de
726 552 980 630 predestinatione,
993 555 1079 612 salvis
1091 554 1269 637 dogmatibus

55 651 238 728 agitantur,
251 670 353 713 omnes
370 651 446 708 enim
466 650 585 707 liberum
607 649 731 708 hominis
751 649 894 713 arbitrium
910 660 937 707 et
950 651 1044 726 gratie
1059 650 1092 707 ad
1107 662 1271 727 supernatu-

52 747 159 807 rales
185 758 264 805 actus
289 747 486 805 necessitatem
513 746 643 812 fatentur,
666 748 718 823 etsi
741 736 772 802 in
797 756 915 818 utroque
940 745 1069 823 dogmate
1094 747 1271 808 conciliando

54 827 216 913 diversas
238 828 333 902 ineant
354 835 492 901 rationes:
515 861 614 901 omnes
635 843 719 900 etiam
740 843 933 901 damnatorum
956 843 1094 921 supplicia
1115 845 1152 902 ob
1172 864 1269 905 eorum

55 952 205 1020 peccata
225 942 337 1000 decerni
358 952 463 1008 tenent,
479 941 607 1015 quamvis
628 942 656 998 in
671 940 827 999 scrutandis
842 952 870 998 et
883 941 1058 1017 explicandis
1073 942 1130 1001 Dei
1143 926 1271 1003 consiliis
1304 1014 1309 1021 ι

55 1040 113 1098 de
129 1038 238 1113 electis
251 1037 386 1105 laborent,
402 1051 467 1096 suut
480 1037 556 1095 enirn
573 1038 623 1094 vie
645 1038 706 1114 'ejus
729 1038 948 1114 investigabiles.
990 1038 1022 1097 ln
1037 1038 1155 1097 Ethices
1170 1041 1272 1117 priuci-

56 1136 139 1213 piis
157 1152 276 1212 operam
288 1133 429 1211 egregiam
445 1145 599 1210 posuerunt
613 1132 811 1210 'l'beologiut
825 1152 894 1207 quas
911 1152 1019 1191 momm
1035 1135 1145 1213 regulas
1160 1135 1272 1193 tradidit

58 1230 237 1297 Christus,
251 1239 280 1286 et
292 1229 422 1306 Apostoli
436 1246 501 1314 eum
516 1229 616 1296 secuti,
631 1229 751 1306 singulis
766 1229 829 1303 iere
838 1229 985 1287 hominum
1000 1230 1106 1288 actibus
1121 1231 1272 1308 applicent,

61 1328 137 1413 qui
161 1346 251 1400 quum
274 1327 383 1385 infinita
402 1310 534 1383 varietate
555 1325 770 1402 distinguantur,
793 1327 829 1384 ob
851 1327 1046 1404 adjunctorum
1070 1328 1270 1399 diversitatem,
1304 1389 1307 1396 ,

60 1425 194 1487 mirum
210 1444 267 1505 non
281 1435 325 1482 est
337 1425 505 1509 opiniones
502 1423 619 1481 variari:
642 1422 719 1496 quod
738 1424 843 1509 absque
862 1424 930 1483 fidei
943 1424 1110 1485 detrimento
1124 1428 1271 1506 contingit,

57 1539 138 1580 nec
162 1520 243 1578 anim
264 1519 299 1577 de
320 1519 450 1597 dogmate
473 1518 566 1593 aliquo
589 1506 724 1576 divinitus
746 1500 878 1585 revelato,
894 1530 922 1577 et
941 1521 975 1577 ab
997 1520 1129 1580 Ecclesia
1150 1520 1274 1583 solemni

45 1616 195 1693 judicio
218 1616 364 1703 proposito
384 1616 503 1693 agitur,¹
499 1614 549 1673 sed
564 1613 604 1673 de
614 1614 761 1692 principiis
781 1614 897 1677 rationis
917 1615 1051 1674 lumine
1043 1618 1160 1687 muisis,
1175 1620 1272 1679 velex

57 1711 262 1771 revelatione
275 1702 466 1769 ratiocinando
480 1694 618 1768 deductis.
660 1709 825 1768 Caeterum
818 1729 846 1767 ιιι
861 1728 896 1767 eo
910 1710 992 1769 etiam
1009 1712 1114 1770 eminet
1127 1715 1273 1774 auctorita·

56 1808 116 1867 tia
133 1807 323 1885 principium,
339 1806 451 1900 quod'
428 1826 454 1864 s1
472 1806 556 1865 bonis
569 1807 694 1865 moribus
709 1806 814 1881 aliquid
832 1806 954 1865 tradatur
967 1806 1126 1877 adversum,
1141 1810 1273 1870 Ecclesia

55 1902 160 1967 illud
174 1907 299 1970 damnet,
312 1905 391 1983 cujus
404 1905 467 1962 tooi
481 1924 580 1963 ornnes
595 1906 657 1982 ejus
672 1905 723 1962 filii
736 1903 899 1963 obaudiunt.
941 1903 994 1962 De
1000 1906 1215 1975 Probabilismo,
1227 1908 1273 1967 vel

54 2004 149 2063 aliis
163 2001 371 2093 systematibus
380 2020 443 2065 non
458 2002 537 2059 vacat
557 2000 603 2058 bio
624 2019 716 2079 agere,
732 2020 818 2074 quum
833 2001 911 2059 fide
903 2022 932 2061 ιιι
947 2012 1006 2060 tuto
1020 2003 1122 2080 posita,
1137 1984 1272 2065 unitatem

55 2094 232 2158 Ecclesia
252 2086 498 2165 vindicaverimus.
540 2078 666 2155 Nomina
688 2106 781 2155 autem
805 2096 916 2155 diversa
936 2099 1038 2171 quibus
1059 2100 1271 2178 Theolog'orum

53 2178 204 2255 Schola
227 2178 445 2271 distinguuntur,
468 2194 610 2253 doctorem
633 2195 756 2268 aliquem
780 2215 864 2268 quem
889 2197 998 2255 felicius
1021 2208 1119 2275 putant
1143 2200 1274 2279 dogmata

51 2293 265 2372 explicuisse
275 2292 324 2349 ,vel
338 2291 495 2351 vindicasse
510 2304 615 2364 optant,
631 2290 687 2371 non
702 2293 863 2371 dogmatum
882 2295 1009 2372 ipsorum
1023 2298 1193 2358 varietatem.
1209 2279 1213 2283 ⁹

600 2554 742 2571 .-*

336 2784 373 2843 o.
395 2784 477 2844 vni.
519 2754 574 2843 un
597 2782 796 2873 munaus
816 2778 1034 2871 nrsnno'rfiu,r

125 2962 216 3026 Fidei
229 2960 407 3019 concordiam
422 2969 451 3016 et
463 2960 548 3021 totius
554 2959 722 3036 reipublicae
734 2959 904 3020 Christiane
918 2964 1147 3024 communionem
1162 2985 1273 3029 servan·
1285 3008 1288 3013 -

56 3057 156 3123 (lam
172 3061 280 3132 absque
294 3077 329 3132 eo
342 3056 418 3130 quod
429 3055 564 3114 Christus
579 3057 674 3115 statuit
689 3059 801 3116 unitatis
815 3070 911 3123 centro
926 3080 1039 3138 sperare
1059 3063 1213 3122 nonlicet:
1235 3085 1272 3123 ex

60 3170 249 3220 sectamm
256 3154 331 3213 enirn
355 3172 405 3231 per
419 3153 470 3210 tria
489 3149 593 3211 secula
611 3154 793 3231 experientia,
808 3166 839 3213 ut
853 3154 888 3213 de
905 3145 1110 3242 antiquioribus
1128 3159 1180 3215 sile

53 3263 132 3318 bes
151 3257 185 3322 fit
198 3253 366 3330 euplorata.1
406 3250 471 3326 lpse
488 3251 600 3327 jactatae
613 3251 819 3311 reformationis
833 3242 891 3310 dua
902 3253 1013 3312 mustra
1033 3256 1149 3317 tentavit
1162 3168 1275 3313 affi-
1301 3328 1305 3339 ⁸

56 3355 197 3415 tim-um
217 3348 338 3407 licentia
356 3346 465 3419 aliquos
486 3363 627 3422 apponere
648 3346 762 3416 limites,
777 3348 927 3441 postquam
948 3346 1096 3416 Ecclesia,
1112 3359 1141 3406 et
1162 3348 1272 3435 Summi

51 3437 245 3522 Pontificio
263 3446 398 3522 reJ'eeerat
417 3443 569 3500 unitatem:
592 3443 649 3499 imo
659 3443 719 3501 sibi
738 3462 795 3501 non
816 3445 949 3512 constitit,
971 3446 1022 3503 sed
1042 3445 1190 3507 occasione
1210 3447 1275 3506 data

49 3528 238 3616 paradoxa
251 3562 325 3600 nova
343 3541 500 3647 proposuit,
513 3550 639 3596 extrema
655 3558 720 3597 cum
741 3540 839 3617 primis
855 3541 971 3599 minime
986 3542 1164 3600 coherentia.
1192 3522 1278 3623 Ipsa

57 3642 172 3704 fidei·
175 3638 319 3716 Symbola
338 3654 414 3712 sape
429 3635 532 3711 sapius
547 3644 739 3704 mactarunt,
750 3636 795 3693 uti
809 3652 934 3694 accurate
949 3638 1042 3696 retulit
1062 3638 1251 3699 Bossuetius
1243 3662 1273 3702 ιιι

52 3728 363 3801 Protestantioarum
374 3733 557 3791 variationum
568 3732 695 3801 historia,
707 3744 735 3791 et
745 3734 905 3813 nuperrime
916 3735 945 3793 J.
957 3737 993 3794 Α.
1006 3736 1137 3795 Moehler
1148 3739 1177 3796 in
1188 3758 1274 3817 opere
1339 3724 1342 3729 ’

51 3832 123 3898 tle
141 3826 322 3911 Symbolica.
365 3827 502 3888 “Accidit
516 3829 597 3896 tibi‚”
620 3831 799 3906 exprobravit
819 3831 885 3888 olim
902 3832 933 3890 S.
956 3833 1082 3891 Hilarius
1104 3834 1273 3894 Constantio

52 3927 264 3991 Arianorum
280 3925 390 3992 fautori,
405 3933 424 3960 ‘⁶
433 3922 508 3996 quod
523 3924 660 4001 imperitis
675 3924 900 3994 aedificatoribus,
916 3946 970 4000 qua
984 3947 1036 3986 sua
1049 3948 1162 4007 semper
1176 3931 1275 4007 displi-

58 4036 171 4092 cent,
187 4021 314 4080 accidere
335 4020 415 4086 solet,
431 4030 461 4076 ut
480 4037 593 4095 semper
613 4019 749 4089 destruas,
767 4022 844 4094 qnod
864 4041 977 4099 semper
997 4024 1168 4085 oedilioss.”²
1207 4027 1274 4092 Quo

223 4253 260 4314 (l)
278 4251 308 4300 Id
320 4209 409 4301 fatetur
417 4249 521 4297 ‘Grotius
534 4222 589 4298 vol
600 4265 645 4312 pro
656 4236 725 4314 pace.

228 4334 264 4396 (2)
281 4333 305 4383 S.
315 4332 366 4382 llil.
376 4331 392 4380 l.
403 4338 487 4382 contra
497 4331 624 4381 Constant
635 4331 648 4390 b
659 4330 699 4382 2³.
709 4348 732 4396 p.
742 4330 780 4381 27.
792 4332 830 4383 ed.
841 4332 1021 4400 Wircsmburg.
1041 4338 1043 4343 ⁴

570 4596 628 4713 J-
