2738 5032
384 274 439 340 DE
461 272 592 340 LlBRlS
614 278 941 342 PnoPttu'rnnnnt.
1218 288 1257 349 57

73 434 198 503 affectus,
214 450 315 517 praeter
323 451 489 498 areanorum
506 432 720 513 notitiamque
732 460 752 497 a
765 440 861 501 divino
878 439 953 500 sonte
968 440 1121 502 manaverit
1134 464 1251 508 neccsse

73 544 122 591 est.
176 534 249 592 lllnd
274 548 349 593 certe
374 536 520 625 presentis
545 535 670 617 numinis
695 536 883 595 clarissimum
908 538 1042 596 indicium
1067 541 1252 620 perlongum

72 631 239 689 seculorum
253 618 455 690 seriemadfuit
469 632 613 699 Israelitis,
628 612 704 704 quod
719 626 873 717 prophetie,
889 635 1019 693 homines
1034 636 1143 695 scilicet
1156 637 1253 698 divino

72 728 201 789 illustrati
217 729 336 799 lumine,
348 741 388 791 ut
392 731 482 788 lutura
499 741 574 787 certo
588 738 791 806 cognoscerem
804 744 832 788 et
846 732 1037 808 praedicerent,
1052 751 1164 810 semper
1178 735 1253 812 apud

71 844 117 882 eos
139 834 248 893 esseut,
271 839 362 900 usque
383 828 417 884 ad
437 806 562 885 reditum*
579 845 615 883 ex
637 826 812 902 Babylonica
833 829 1001 904 captivitate.
1044 829 1155 889 Horum
1183 833 1251 890 vati·

72 921 153 990 cinia,
170 922 276 999 scripto
290 922 352 980 ab'
345 924 414 1000 apsis
435 923 610 1000 consignata,
627 923 771 981 sexdecim
793 926 970 984 continentur
989 927 1078 994 libris,
1093 939 1122 986 ct
1145 930 1252 989 ratione

72 1008 199 1076 molisio
214 1019 365 1095 prophotas
386 1019 513 1098 majores
527 1031 655 1095 quatuor,
663 1033 697 1076 et
710 1018 837 1078 minores
858 1020 1006 1081 duodecim
1022 1018 1254 1102 distinguuntur.¹

72 1112 212 1187 Pleraque
232 1116 387 1192 respiciant
406 1135 467 1176 snae
488 1117 578 1193 gentis
599 1096 664 1184 sati,
680 1135 742 1189 quae
765 1116 965 1183 denuntiabant
984 1131 1015 1176 ut
1035 1122 1198 1196 poenitentia
1212 1123 1253 1181 iu·
1339 1172 1343 1179 ,

72 1208 205 1289 grncntia'
213 1210 286 1268 mala
306 1223 512 1303 praeverterent,
528 1213 629 1291 quibus
650 1220 743 1270 tainen
764 1214 911 1290 grandiora
931 1214 965 1272 de
980 1215 1118 1273 Christo'
1112 1218 1254 1276 immisce·

72 1306 144 1365 bant
188 1307 365 1389 Magnam
339 1325 397 1364 vnn
412 1309 505 1364 inesse
520 1309 670 1376 vaticiniis,
682 1310 707 1365 si
722 1321 832 1367 constet
844 1329 877 1367 ea
892 1329 948 1368 non
963 1311 1089 1387 potuisse
1099 1313 1253 1389 excogitari

74 1401 246 1471 humanitus,
262 1421 382 1476 quasque
393 1403 532 1461 fatebatur
574 1406 578 1481 ζ
870 1414 901 1423 ’·

92 1492 209 1576 Frep.
206 1502 246 1556 l.
268 1498 349 1556 Libri
363 1499 562 1575 prophetarum
577 1500 693 1576 genuini
708 1511 782 1557 sunt.

107 1593 201 1653 Prob.
216 1592 271 1679 Eu
284 1595 431 1653 cunctanti
450 1594 625 1653 ludaeorum
644 1595 814 1663 traditione,
836 1616 871 1654 ex
886 1598 949 1676 ipso
971 1610 1097 1676 temporo
1112 1619 1169 1683 qno
1190 1619 1256 1661 eon·

71 1693 168 1770 scripti
177 1701 245 1751 sunt
256 1692 321 1751 libri
334 1692 474 1750 derivata·
491 1713 543 1752 nec
553 1694 628 1755 enini
645 1692 764 1757 validius
777 1694 895 1770 alicujus
904 1696 967 1753 libri
977 1698 1126 1756 authentice
1138 1698 1255 1757 babetur
1271 1706 1277 1715 '

70 1790 276 1872 argumbntum.
311 1776 474 1847 Judaeomn'r
490 1788 644 1847 testimonii
661 1792 705 1847 ιιι
720 1791 843 1848 maxime
858 1803 974 1868 augetur
994 1811 1029 1849 ex
1044 1812 1079 1850 co
1094 1794 1170 1866 q'uod
1184 1793 1253 1852 illud
1292 1798 1296 1803 '

70 1878 171 1953 leram,
195 1884 367 1956 Christianis
390 1885 454 1943 inde
480 1887 698 1944 sumentibuso
681 1887 860 1947 occasionem
884 1906 940 1944 sua
960 1888 1111 1964 probandi
1120 1888 1253 1965 dogmata

69 1981 204 2073 adsersus
218 1994 289 2040 eost
304 1981 737 2061 “Pereorumqnippecodices
751 1986 912 2061 probamus,
923 1987 1253 2059 nonanobistamqnam
1322 2002 1329 2023 ·

70 2077 105 2136 de
118 2098 215 2145 rerum
229 2090 332 2167 eventu
354 2070 535 2137 commonitis
556 2081 609 2157 ista
631 2100 695 2137 esse
716 2081 884 2157 conscripta,
899 2080 950 2163 sed
970 2082 1068 2138 alirn
1060 2100 1089 2140 ιιι
1105 2081 1153 2139 illo
1168 2100 1257 2159 reguo

17 2222 20 2226 Α
69 2174 204 2252 predicta
217 2158 303 2248 atque
315 2191 433 2245 servata,
448 2195 523 2234 nnuc
538 2185 629 2233 antem
645 2176 830 2243 manifestata,
846 2186 874 2234 et
888 2157 1013 2253 impleta
1016 2176 1063 2211 ”²

109 2270 200 2332 Prob
212 2279 241 2330 2
261 2266 496 2333 Euentrtnaeccs
501 2273 657 2335 audentiae
666 2266 802 2331 andreas
815 2277 1256 2351 nametautorampraefixasuut

70 2352 199 2439 nomina,
214 2380 243 2427 et
255 2358 367 2451 ιιιιιιιιιι
380 2381 407 2426 et
420 2370 500 2426 locus
514 2380 553 2442 qu
542 2370 617 2426 tibus
628 2367 768 2427 vaticinati
783 2383 849 2427 sunt
862 2381 987 2428 accurate
1003 2368 1157 2447 designata,
1172 2368 1254 2430 tude
1288 2394 1293 2405 ·

70 2479 103 2526 et·
116 2467 206 2526 Israel
219 2462 333 2545 regibus
350 2454 539 2545 plerumque
533 2468 717 2542 nominatis3
742 2479 770 2524 et
792 2487 854 2540 quse
873 2468 908 2525 iis
931 2468 1108 2526 continentur
1130 2487 1256 2528 consona

69 2576 137 2647 ιιιιιι
149 2567 242 2647 gentis
257 2564 380 2623 historice
403 2565 515 2639 aliunde
538 2567 668 2644 cognite,
684 2576 712 2622 et
726 2566 816 2641 stylus
839 2585 1072 2649 unumquemque
1079 2560 1253 2657 prophetant

69 2664 195 2724 denotat.
236 2660 314 2751 Qua
314 2674 406 2739 autern
421 2663 599 2749 solicitudine
611 2664 793 2740 invigilabant
806 2663 939 2720 Israelitae
954 2681 995 2721 ne
1005 2653 1134 2723 vaticinia
1148 2676 1253 2735 temere

67 2732 288 2841 venditarentur,
306 2779 343 2819 cx
362 2761 433 2839 legis
455 2744 628 2838 priesc'ripto,
650 2761 750 2855 quod
752 2761 801 2833 qni
821 2760 923 2819 falsum
948 2758 1058 2837 aliquid
1062 2742 1253 2839 predixisset

69 2872 162 2923 morta
169 2842 247 2940 foret
260 2838 444 2948 punieptlus,⁸
465 2856 558 2934 potest
571 2857 675 2933 colligi.
720 2857 812 2922 Qnae
805 2857 893 2932 igitur
904 2855 1042 2911 vaticinia
1047 2867 1164 2931 excepta
1177 2867 1253 2924 snut,

69 2958 149 3017 editat'
158 2942 285 3037 ternpore
298 2956 334 3014 ad
357 2955 432 3029 qnod
453 2954 609 3012 refemntur
628 2960 694 3010 sant
713 2944 851 3035 habenda,
866 2963 893 3008 et
913 2940 1014 3007 eventu
1028 2952 1118 3010 etiam
1134 2952 1252 3027 firmata,

69 3057 115 3115 vel
128 3046 254 3114 vsridiea
264 3053 409 3112 edentium
424 3055 592 3111 auctoritate
600 3044 710 3135 plene
698 3051 808 3109 statuta.

110 3132 260 3239 Librorum
275 3143 514 3243 propheticorum
519 3152 661 3226 integritas
676 3130 777 3207 iisdem
792 3149 924 3224 probatur
938 3152 1119 3225 argumentis.
1164 3151 1254 3223 Ειιιιι·

70 3251 180 3310 deni
156 3271 183 3309 ιι
207 3234 300 3307 vitiati
315 3239 444 3321 luissent,
467 3246 537 3306 eal‘
524 3242 644 3304 fuissent
663 3246 762 3312 deleta,
778 3264 839 3317 qnae
861 3245 967 3320 populo
990 3245 1189 3323 regibusque
1181 3246 1252 3321 apsis

68 3348 246 3425 exprobrata
249 3345 415 3410 referuntur,
430 3343 625 3420 plurimaque
618 3353 722 3431 inserta
736 3360 798 3412 quae
811 3337 846 3396 ils
862 3340 1091 3415 gratificarentur.
1133 3338 1252 3438 Legeuti
1270 3352 1273 3357 “

68 3456 152 3538 patet
163 3447 228 3518 quae
250 3443 329 3501 libris
351 3442 529 3531 cputine'ntnr
544 3438 698 3533 ejusmodi
706 3457 778 3500 esse
802 3456 864 3511 quaa
886 3458 901 3493 a
924 3437 1043 3496 vatibus
1059 3435 1114 3491 Dei
1137 3432 1251 3494 nomine

68 3541 262 3616 loquentibus,
271 3538 333 3602 diei
349 3539 508 3626 verosimile
522 3546 575 3602 est,
590 3554 668 3598 omm
660 3514 813 3591 adulandi
828 3533 919 3589 studio
934 3533 1054 3588 remoto

110 3636 184 3720 obj.
195 3638 357 3698 Posteriora
376 3627 414 3705 27
429 3619 521 3712 capita
534 3614 615 3711 isaias
636 3631 799 3707 scriptorem
815 3631 917 3687 babent
939 3630 987 3701 qui
1009 3630 1062 3691 sub
1084 3620 1252 3706 captivitatis

68 3735 254 3815 Babylonic'ae
267 3735 354 3792 finem
375 3721 461 3810 degit
500 3704 642 3803 Equidem
658 3739 753 3786 avvctor
773 3727 961 3809 captivitatem
975 3745 1034 3783 ιιοιι
1047 3727 1184 3802 proedieit,
1200 3729 1251 3787 sed

71 3833 277 3909 Hierosolyma
294 3832 353 3908 jam
368 3831 517 3913 destructa,
533 3827 725 3905 populumque
740 3825 899 3893 exulantem
915 3823 1062 3898 supponit,
1073 3837 1105 3891 et
1117 3826 1253 3904 potentis·

20 3952 23 3956 ·
68 3930 180 3987 situum
198 3924 397 3986 Chaldaeorutu
420 3927 580 4033 imperium,
603 3943 664 3996 quae
691 3922 797 3983 o'mnia
808 3919 888 3978 Isaiae
911 3919 1085 3995 temporibus
1106 3939 1163 3979 non
1184 3942 1250 3982 con·

16 4062 19 4067 ·
68 4037 223 4105 gruunt·
444 4085 450 4090 ,
669 4071 680 4079 ..

111 4122 199 4201 Resp.
219 4098 318 4190 Quum
332 4121 400 4199 illud
412 4121 600 4179 certissimum
612 4119 731 4212 sanioris
745 4117 854 4174 critices
870 4094 1041 4190 principium
1052 4114 1097 4180 ιιι,
1110 4082 1196 4190 opera
1210 4117 1250 4174 in·

104 4320 144 4382 (l).
157 4317 197 4367 Ex
208 4301 255 4367 liae
266 4315 421 4366 distinctione
428 4322 600 4385 argumentum
610 4321 695 4364 contra
704 4312 819 4383 vaticinia
828 4304 945 4358 derivarat
951 4305 1037 4378 Parus,
1047 4307 1112 4357 mela
1122 4315 1186 4357 certe
1196 4294 1251 4368 lide,

65 4405 137 4456 novit
146 4403 235 4469 quippe
251 4403 342 4466 optime
353 4400 442 4450 molem
455 4398 633 4469 vaticiniorum,
645 4407 693 4449 non
711 4414 793 4447 eorum
812 4395 980 4445 auctoritatem
991 4409 1020 4441 ea
1030 4393 1250 4465 designari-'Age

18 4512 22 4520 ·
67 4484 362 4552 ofllsason,p.l,p.24.
521 4522 523 4527 ⁴

106 4559 590 4638 (buugeontral‘aunum,txitttn
672 4585 675 4591 ¹
765 4566 768 4571 '
814 4563 816 4567 ’

103 4654 141 4719 (3)
157 4653 342 4718 DeutxiiiAEOq
439 4698 448 4721 ,1
776 4651 786 4659 ”

128 4754 133 4769 ·
190 4738 263 4797 Vou.
280 4737 352 4796 1-o
