2738 5032
111 266 170 323 tta
334 262 390 323 DE
410 261 737 324 scutruutttttutu
758 260 1066 325 tusrlttttulortu.

150 422 285 483 Fateatur
297 422 507 499 Presbyteriani
520 433 549 481 et
569 421 713 499 Baptistae,
735 421 835 481 iisdem
855 423 932 483 enirn
957 423 1124 499 plerumque
1148 420 1291 482 adbaerent

112 519 234 597 placitis,
255 530 284 577 et
305 518 407 577 iisdern
429 521 545 577 vocibus
567 532 690 585 utuntur,
716 538 800 595 posse
822 519 954 578 homines
977 520 1011 577 ad
1033 520 1117 577 altam
1150 537 1291 579 sacrarum

112 616 320 693 seripturarum
335 617 543 675 uenerationem
556 633 593 674 ex
608 603 769 674 testimonio
783 615 921 673 Ecclesiae
935 616 1062 674 moveri:
1078 625 1107 673 et
1120 634 1169 673 eas
1190 635 1243 693 per
1262 634 1292 674 se

112 712 228 771 verbum
242 711 456 771 Delmanilesto
469 730 501 770 se
515 711 633 790 prodere
647 730 684 769 ex
698 712 803 769 celesti
823 729 917 769 rerum
931 711 1036 779 indole,
1052 710 1188 770 doctrinae
1202 712 1292 771 effica-

111 808 165 875 cia,
179 808 248 885 styli
271 810 428 885 majestate,
447 809 567 886 partium
590 807 750 873 concordia,
775 808 861 865 totius
884 826 982 884 scopo,
1005 808 1058 866 viae
1078 809 1178 866 salutis
1203 810 1292 868 unicae

111 922 196 977 qnam
226 903 361 981 pandunt,
389 904 509 977 aliisque
536 904 771 980 perfectionibus:
802 913 921 963 attamen
943 905 1055 981 plenam
1076 905 1291 982 persuasionem

110 998 215 1059 divinae
228 1019 286 1075 qua
299 1014 433 1078 prestant
445 1001 615 1059 auctoritatis
628 1018 665 1057 ex
679 1000 783 1057 Sancto
792 999 899 1076 Spiritu
913 1000 942 1058 in
956 1000 1040 1059 corde
1054 994 1187 1071 testante,
1195 1006 1305 1080 prove?

111 1096 175 1155 nire
188 1097 372 1165 contendunt,
387 1096 459 1155 adeo
471 1106 551 1154 utex
565 1095 688 1154 hominis
702 1095 749 1152 vel
767 1095 907 1153 Ecclesia
928 1096 1222 1173 alicujustestimonio
1234 1114 1290 1156 non
1321 1109 1324 1113 '

109 1193 255 1273 pendeat.¹
294 1194 443 1272 Anglicani
456 1204 549 1251 autern
564 1192 724 1250 Ecclesiam
737 1202 839 1250 vocant
853 1202 873 1229 ‘⁶
882 1202 982 1251 testem
995 1203 1024 1251 et
1033 1192 1183 1253 custodem
1199 1194 1291 1271 Serip-

111 1292 230 1360 turae,’'¹
248 1293 352 1366 quibus
373 1302 466 1349 tamen
487 1290 579 1348 verbis
593 1289 770 1347 Canonicam
790 1289 908 1367 alicujus
929 1290 994 1348 libri
1019 1292 1216 1351 auctoritatem
1240 1308 1292 1348 suo

109 1391 273 1450 testimonio
299 1386 502 1446 determinandi
522 1395 688 1463 potestatem
709 1404 767 1445 non
787 1387 913 1463 agnosci,
936 1386 1054 1445 Bumet
1073 1387 1213 1447 affirmat:
1235 1388 1292 1447 imo

108 1486 181 1546 nibil
194 1485 271 1545 alind
283 1484 437 1563 significari
450 1502 534 1557 quarn
547 1482 634 1541 libros
647 1501 743 1541 sacros
756 1482 831 1560 apud
845 1493 949 1542 tantam
967 1483 1117 1543 hominnm
1137 1484 1290 1544 multitudi-

108 1604 186 1653 nem,
207 1603 260 1661 per
277 1583 445 1641 saculomm
464 1582 578 1650 seriem,
598 1592 778 1641 conservatos
798 1591 828 1639 et
845 1582 945 1652 lectos,
967 1581 1043 1656 quod
1069 1584 1216 1662 corrumpi
1235 1601 1291 1642 non

110 1683 276 1762 potuerim·

147 1780 237 1857 igitur
260 1776 426 1837 Catholicae
447 1779 520 1836 inter
539 1786 569 1836 et
588 1777 780 1836 Protestantes
809 1778 942 1837 convenit
968 1776 1123 1855 Scripturis
1149 1781 1283 1839 contineri

109 1876 213 1935 divine
230 1875 423 1953 inspirationis
437 1874 570 1951 praeclara
583 1874 696 1941 indicia,
710 1884 739 1931 et
758 1873 870 1932 aliunde
886 1872 1019 1933 accedere
1039 1894 1144 1952 magna
1161 1875 1285 1953 ejusdem

109 1982 292 2051 argumenta:
313 1990 377 2046 qne
398 1981 492 2029 tamen
511 1968 652 2027 Catholici
673 1988 731 2028 non
751 1968 822 2027 adeo
841 1969 933 2027 valete
954 1979 1135 2040 censentur
1159 1972 1285 2030 omnibus

108 2082 289 2149 perspectum
310 2070 368 2138 fiat,
388 2068 516 2145 singulos
536 2068 623 2125 libros
654 2068 837 2145 singulasque
856 2086 955 2126 eorum
981 2077 1075 2144 partes
1103 2087 1142 2128 ex
1168 2070 1287 2148 Spiritus

109 2168 205 2228 Sancti
219 2167 312 2226 afflatu
325 2165 517 2240 conscriptas:
539 2176 708 2240 quapropter
729 2163 921 2222 testimonium
940 2172 969 2221 et
985 2161 1129 2240 judicium
1150 2162 1284 2223 Ecclesia

106 2265 259 2342 appellant,
274 2281 331 2337 quo
344 2261 379 2320 de
393 2261 478 2320 totius
492 2261 645 2339 Scriptnroe
659 2260 842 2338 inspiratione
856 2259 924 2318 certi
935 2256 1035 2318 ornnes
1042 2277 1115 2319 esse
1129 2261 1250 2340 possint.

608 2541 790 2583 ruorost'rto.

147 2725 302 2799 Utriusque
316 2721 494 2784 Testamenti
507 2721 570 2779 libri
584 2739 683 2780 omnes
697 2740 735 2780 ex
748 2721 804 2781 Dei
817 2722 1000 2800 inspiratione
1014 2725 1113 2803 scripti
1120 2737 1202 2787 sunt

145 2823 305 2882 Probatur.
327 2819 428 2890 Quoad
441 2820 531 2877 Vetus
545 2819 762 2899 Testamentum
776 2820 885 2879 traditio
904 2820 924 2878 J
925 2820 1070 2899 udreorum
1083 2842 1217 2901 magnam
1231 2828 1281 2884 rim

106 2923 208 2981 babeat
221 2940 338 2979 necesse
362 2929 415 2986 est,
437 2917 507 2976 adeo
527 2917 604 2975 enirn
624 2936 674 2975 eos
693 2918 781 2977 libros
801 2919 924 2977 venerati
944 2929 1010 2979 suut
1029 2929 1173 2995 tamquam
1195 2923 1283 2983 divina

106 3021 274 3078 documenta
286 3029 325 3074 eas
336 3025 455 3090 doymo,
463 3027 495 3073 ut
503 3033 554 3091 pro
563 3015 598 3072 iis
609 3024 729 3073 mortem
739 3014 856 3081 libenter
864 3017 1042 3092 oppetierint,
1052 3027 1124 3076 teste
1132 3020 1151 3078 J
1153 3021 1282 3098 oeepbo,⁴

107 3115 160 3175 Eis
174 3112 386 3189 inspirationem
407 3110 555 3169 manifesto
570 3110 674 3177 tribuit,
689 3111 840 3186 propbetas
854 3112 931 3169 enirn
944 3131 1016 3185 quos
1035 3113 1173 3174 librorum
1194 3136 1282 3175 sacro·

105 3230 170 3275 rum
184 3209 312 3289 perhibet
324 3217 461 3272 auctores,
476 3205 545 3264 dicit
557 3223 594 3261 ex
607 3205 701 3265 afflatu
714 3205 810 3265 divino
825 3226 887 3280 quae
906 3208 1077 3267 tradiderunt
1090 3214 1279 3291 cognovisse:

105 3312 171 3367 mu
180 3326 226 3378 esp
237 3304 360 3362 eulmen
370 3301 413 3359 riv
423 3303 469 3358 ἀπὸ
480 3307 524 3357 nto
534 3302 617 3355 uico-³
656 3302 741 3362 Philo
761 3315 854 3362 autern
868 3303 936 3373 dicit
947 3305 1044 3383 Deum
1056 3307 1206 3385 prophetis
1219 3321 1283 3369 tam

106 3426 192 3481 quam
206 3423 264 3463 sue
279 3401 429 3461 voluntatis
449 3399 656 3474 interpretibus,
671 3418 840 3477 organorum
860 3402 957 3470 instar,
971 3422 1040 3460 usos
1060 3422 1144 3463 esse:
1167 3399 1283 3483 ’πρηνεῖς

105 3512 150 3574 5¹¹9
160 3510 216 3558 μω
227 3499 247 3555 is
257 3501 375 3570 xpophor
385 3493 455 3559 urci,
465 3494 632 3565 audaxpuut've
642 3497 694 3559 ruis
703 3496 794 3552 'talarus
809 3499 908 3568 ὀργάνοις
918 3497 974 3567 πρὶς
985 3500 1080 3561 dilectu
1092 3509 1120 3565 ie
1132 3505 1159 3556 ds
1170 3493 1283 3572 iditum-⁸

144 3589 164 3647 J
166 3587 309 3646 udaeorum
336 3584 513 3652 sententiam,
543 3583 730 3653 traditionem,
762 3594 791 3642 et
818 3585 904 3644 fidem
929 3584 1081 3646 manifesto
1107 3590 1290 3651 confirmarit.

108 3682 250 3752 Christus,
264 3700 322 3743 non
336 3678 569 3759 argumentando
583 3678 623 3737 od
635 3679 847 3748 bominem,·uti
868 3679 1059 3743 Rationalistoe
1076 3697 1220 3757 asserunt,
1235 3685 1282 3746 sed

107 3779 313 3854 scripturarum
328 3778 518 3836 auctoritatem
532 3777 675 3853 urgend03
703 3778 738 3836 iis
758 3777 866 3837 scilicet
885 3778 920 3837 de
941 3798 973 3838 se
993 3781 1132 3840 contineri
1152 3785 1281 3843 vaticinia

105 3875 271 3935 affirmavit:
300 3895 353 3934 nec
380 3873 485 3948 aliquid
512 3892 548 3932 ex
575 3874 637 3950 lege
671 3875 874 3952 praeteriturum
901 3876 970 3949 quin
996 3877 1169 3963 impleretur,
1195 3881 1279 3940 dixit:

297 4103 332 4164 (l)
345 4098 519 4168 Presbyterian
529 4101 680 4164 confession,
690 4104 728 4153 ch.
740 4104 756 4165 i,
765 4104 785 4164 b.
797 4104 820 4165 4,
832 4106 854 4154 5.

299 4184 335 4245 (2)
353 4185 454 4236 Artxx.
587 4222 589 4226 ι

299 4267 335 4329 (3)
352 4269 564 4334 Aunlysisp.315.

303 4347 340 4405 (4)
354 4346 445 4396 Contra
455 4349 543 4412 Apion,
553 4349 568 4398 i.
580 4348 601 4399 θ.

297 4428 445 4492 (brana

297 4514 334 4575 (6)
346 4512 383 4562 De
395 4512 539 4565 Monarcbia
549 4517 565 4565 l.
577 4516 612 4576 11,
623 4524 680 4568 tom.
692 4517 728 4576 11,
742 4533 765 4582 p.
773 4516 828 4576 222,
839 4517 876 4567 ed.
888 4504 972 4585 Mene
