<?xml version="1.0" encoding="UTF-8"?>
<!DOCTYPE html PUBLIC "-//W3C//DTD XHTML 1.0 Transitional//EN"
    "http://www.w3.org/TR/xhtml1/DTD/xhtml1-transitional.dtd">
<html xmlns="http://www.w3.org/1999/xhtml" xml:lang="en" lang="en">
 <head>
  <title>
</title>
<meta http-equiv="Content-Type" content="text/html;charset=utf-8" />
  <meta name='ocr-system' content='tesseract 3.04.00' />
  <meta name='ocr-capabilities' content='ocr_page ocr_carea ocr_par ocr_line ocrx_word'/>
</head>
<body>
  <div class='ocr_page' id='page_1' title='image "./theologidogmati00kenrgoog_0414.png"; bbox 0 0 2738 5032; ppageno 0'>
   <div class='ocr_carea' id='block_1_1' title="bbox 267 262 1116 360">
    <p class='ocr_par' dir='ltr' id='par_1_1' title="bbox 267 262 1116 360">
     <span class='ocr_line' id='line_1_1' title="bbox 267 262 1116 360; baseline -0.004 -26"><span class='ocrx_word' id='word_1_1' title='bbox 267 270 330 339; x_wconf 80' lang='lat' dir='ltr'><strong>ttll.</strong></span> <span class='ocrx_word' id='word_1_2' title='bbox 345 268 679 360; x_wconf 72' lang='lat' dir='ltr'><strong>sceletumun</strong></span> <span class='ocrx_word' id='word_1_3' title='bbox 702 262 1116 355; x_wconf 65' lang='lat' dir='ltr'><strong>insumpseramus.</strong></span> 
     </span>
    </p>
   </div>
   <div class='ocr_carea' id='block_1_2' title="bbox 17 423 1322 3966">
    <p class='ocr_par' dir='ltr' id='par_1_2' title="bbox 83 423 1288 611">
     <span class='ocr_line' id='line_1_2' title="bbox 83 423 1288 509; baseline -0.007 -18"><span class='ocrx_word' id='word_1_4' title='bbox 83 429 219 491; x_wconf 79' lang='lat' dir='ltr'><strong>suediam</strong></span> <span class='ocrx_word' id='word_1_5' title='bbox 233 443 361 504; x_wconf 67' lang='lat' dir='ltr'><strong>conant.</strong></span> <span class='ocrx_word' id='word_1_6' title='bbox 385 450 448 509; x_wconf 79' lang='lat' dir='ltr'><strong>qua</strong></span> <span class='ocrx_word' id='word_1_7' title='bbox 472 426 567 497; x_wconf 83' lang='grc' dir='ltr'><strong>ιιιιιι</strong></span> <span class='ocrx_word' id='word_1_8' title='bbox 591 428 756 488; x_wconf 80' lang='lat' dir='ltr'><strong>sublimiora</strong></span> <span class='ocrx_word' id='word_1_9' title='bbox 768 438 835 488; x_wconf 91' lang='lat' dir='ltr'><strong>sunt</strong></span> <span class='ocrx_word' id='word_1_10' title='bbox 848 448 933 504; x_wconf 91' lang='lat' dir='ltr'><strong>quam</strong></span> <span class='ocrx_word' id='word_1_11' title='bbox 955 439 990 489; x_wconf 91' lang='grc' dir='ltr'><strong>ιι</strong></span> <span class='ocrx_word' id='word_1_12' title='bbox 1006 431 1034 489; x_wconf 88' lang='lat' dir='ltr'><strong>ei</strong></span> <span class='ocrx_word' id='word_1_13' title='bbox 1055 428 1237 495; x_wconf 78' lang='lat' dir='ltr'><strong>conveniant,</strong></span> <span class='ocrx_word' id='word_1_14' title='bbox 1252 423 1288 483; x_wconf 90' lang='lat' dir='ltr'><strong>ad</strong></span> 
     </span>
     <span class='ocr_line' id='line_1_3' title="bbox 88 527 680 611; baseline -0.007 -23"><span class='ocrx_word' id='word_1_15' title='bbox 88 529 245 591; x_wconf 80' lang='lat' dir='ltr'><strong>Christum</strong></span> <span class='ocrx_word' id='word_1_16' title='bbox 259 531 425 611; x_wconf 86' lang='lat' dir='ltr'><strong>plerumque</strong></span> <span class='ocrx_word' id='word_1_17' title='bbox 440 527 585 598; x_wconf 81' lang='lat' dir='ltr'><strong>referenda</strong></span> <span class='ocrx_word' id='word_1_18' title='bbox 605 537 680 585; x_wconf 89' lang='lat' dir='ltr'><strong>sunt</strong></span> 
     </span>
    </p>

    <p class='ocr_par' dir='ltr' id='par_1_3' title="bbox 17 618 1322 3124">
     <span class='ocr_line' id='line_1_4' title="bbox 125 618 1299 719; baseline -0.004 -32.957"><span class='ocrx_word' id='word_1_19' title='bbox 125 628 233 695; x_wconf 76' lang='lat' dir='ltr'><strong>Quum</strong></span> <span class='ocrx_word' id='word_1_20' title='bbox 248 646 285 686; x_wconf 83' lang='lat' dir='ltr'><strong>ex</strong></span> <span class='ocrx_word' id='word_1_21' title='bbox 300 636 445 719; x_wconf 66' lang='lat' dir='ltr'><strong>perpetua</strong></span> <span class='ocrx_word' id='word_1_22' title='bbox 437 625 465 684; x_wconf 91' lang='lat' dir='ltr'>J</span> <span class='ocrx_word' id='word_1_23' title='bbox 468 624 574 683; x_wconf 78' lang='lat' dir='ltr'><strong>udarcae</strong></span> <span class='ocrx_word' id='word_1_24' title='bbox 588 624 680 701; x_wconf 90' lang='lat' dir='ltr'><strong>gentis</strong></span> <span class='ocrx_word' id='word_1_25' title='bbox 694 623 852 699; x_wconf 72' lang='lat' dir='ltr'>traditione,</span> <span class='ocrx_word' id='word_1_26' title='bbox 868 644 884 682; x_wconf 93' lang='lat' dir='ltr'><strong>a</strong></span> <span class='ocrx_word' id='word_1_27' title='bbox 899 624 1037 697; x_wconf 80' lang='lat' dir='ltr'><strong>Christo&#39;</strong></span> <span class='ocrx_word' id='word_1_28' title='bbox 1031 642 1093 702; x_wconf 82' lang='lat' dir='ltr'><strong>ipso</strong></span> <span class='ocrx_word' id='word_1_29' title='bbox 1103 618 1299 701; x_wconf 79' lang='lat' dir='ltr'><strong>etApostolis&#39;</strong></span> 
     </span>
     <span class='ocr_line' id='line_1_5' title="bbox 91 720 1289 804; baseline -0.003 -22"><span class='ocrx_word' id='word_1_30' title='bbox 91 723 273 804; x_wconf 86' lang='lat' dir='ltr'><strong>confirmata,</strong></span> <span class='ocrx_word' id='word_1_31' title='bbox 287 734 317 781; x_wconf 89' lang='grc' dir='ltr'><strong>ιι</strong></span> <span class='ocrx_word' id='word_1_32' title='bbox 340 740 377 783; x_wconf 87' lang='lat' dir='ltr'><strong>ex</strong></span> <span class='ocrx_word' id='word_1_33' title='bbox 390 721 559 799; x_wconf 70' lang='lat' dir='ltr'><strong>perspicuis</strong></span> <span class='ocrx_word' id='word_1_34' title='bbox 574 720 686 799; x_wconf 77' lang='lat' dir='ltr'><strong>Veteris</strong></span> <span class='ocrx_word' id='word_1_35' title='bbox 701 721 888 779; x_wconf 76' lang='lat' dir='ltr'><strong>Testamenti</strong></span> <span class='ocrx_word' id='word_1_36' title='bbox 912 721 994 788; x_wconf 83' lang='lat' dir='ltr'><strong>locis,</strong></span> <span class='ocrx_word' id='word_1_37' title='bbox 1017 732 1126 780; x_wconf 87' lang='lat' dir='ltr'><strong>constet</strong></span> <span class='ocrx_word' id='word_1_38' title='bbox 1149 720 1289 780; x_wconf 85' lang='lat' dir='ltr'><strong>Messium</strong></span> 
     </span>
     <span class='ocr_line' id='line_1_6' title="bbox 56 789 1288 899; baseline -0.003 -20.873"><span class='ocrx_word' id='word_1_39' title='bbox 56 799 187 878; x_wconf 75' lang='lat' dir='ltr'><strong>inisse</strong></span> <span class='ocrx_word' id='word_1_40' title='bbox 202 820 237 877; x_wconf 89' lang='lat' dir='ltr'><strong>ab</strong></span> <span class='ocrx_word' id='word_1_41' title='bbox 252 818 461 892; x_wconf 66' lang='lat' dir='ltr'><strong>antiquissimis</strong></span> <span class='ocrx_word' id='word_1_42' title='bbox 480 789 654 899; x_wconf 86' lang='lat' dir='ltr'><strong>temporibus</strong></span> <span class='ocrx_word' id='word_1_43' title='bbox 670 817 853 894; x_wconf 89' lang='lat' dir='ltr'><strong>promissum,</strong></span> <span class='ocrx_word' id='word_1_44' title='bbox 876 826 904 875; x_wconf 92' lang='lat' dir='ltr'><strong>et</strong></span> <span class='ocrx_word' id='word_1_45' title='bbox 926 816 1126 894; x_wconf 80' lang='lat' dir='ltr'><strong>prophetarum</strong></span> <span class='ocrx_word' id='word_1_46' title='bbox 1150 835 1199 876; x_wconf 92' lang='lat' dir='ltr'><strong>ore</strong></span> <span class='ocrx_word' id='word_1_47' title='bbox 1223 817 1288 894; x_wconf 87' lang='lat' dir='ltr'><strong>ejus</strong></span> 
     </span>
     <span class='ocr_line' id='line_1_7' title="bbox 66 914 1290 995; baseline -0.002 -20"><span class='ocrx_word' id='word_1_48' title='bbox 66 962 69 967; x_wconf 89' lang='lat'><strong>.</strong></span> <span class='ocrx_word' id='word_1_49' title='bbox 95 916 192 993; x_wconf 84' lang='lat' dir='ltr'><strong>elogia</strong></span> <span class='ocrx_word' id='word_1_50' title='bbox 204 916 352 983; x_wconf 88' lang='lat' dir='ltr'><strong>celebrata,</strong></span> <span class='ocrx_word' id='word_1_51' title='bbox 366 933 424 973; x_wconf 91' lang='lat' dir='ltr'><strong>non</strong></span> <span class='ocrx_word' id='word_1_52' title='bbox 440 914 580 973; x_wconf 88' lang='lat' dir='ltr'><strong>immerito</strong></span> <span class='ocrx_word' id='word_1_53' title='bbox 594 932 661 995; x_wconf 86' lang='lat' dir='ltr'><strong>eum</strong></span> <span class='ocrx_word' id='word_1_54' title='bbox 675 914 827 986; x_wconf 77' lang='lat' dir='ltr'><strong>querimus</strong></span> <span class='ocrx_word' id='word_1_55' title='bbox 842 914 877 972; x_wconf 90' lang='lat' dir='ltr'><strong>iis</strong></span> <span class='ocrx_word' id='word_1_56' title='bbox 893 914 923 972; x_wconf 90' lang='lat' dir='ltr'><strong>in</strong></span> <span class='ocrx_word' id='word_1_57' title='bbox 947 914 1017 981; x_wconf 82' lang='lat' dir='ltr'><strong>locis</strong></span> <span class='ocrx_word' id='word_1_58' title='bbox 1040 915 1069 973; x_wconf 90' lang='lat' dir='ltr'><strong>in</strong></span> <span class='ocrx_word' id='word_1_59' title='bbox 1092 914 1194 988; x_wconf 88' lang='lat' dir='ltr'><strong>quibus</strong></span> <span class='ocrx_word' id='word_1_60' title='bbox 1215 915 1290 973; x_wconf 87' lang='lat' dir='ltr'><strong>dicta</strong></span> 
     </span>
     <span class='ocr_line' id='line_1_8' title="bbox 100 1000 1287 1096; baseline 0 -24"><span class='ocrx_word' id='word_1_61' title='bbox 100 1015 152 1075; x_wconf 81' lang='lat' dir='ltr'><strong>six</strong></span> <span class='ocrx_word' id='word_1_62' title='bbox 164 1015 236 1096; x_wconf 82' lang='lat' dir='ltr'><strong>alias</strong></span> <span class='ocrx_word' id='word_1_63' title='bbox 250 1013 497 1090; x_wconf 87' lang='lat' dir='ltr'><strong>sensum-plenum</strong></span> <span class='ocrx_word' id='word_1_64' title='bbox 512 1013 614 1092; x_wconf 78' lang='lat' dir='ltr'><strong>babere</strong></span> <span class='ocrx_word' id='word_1_65' title='bbox 636 1012 755 1089; x_wconf 87' lang='lat' dir='ltr'><strong>possint.</strong></span> <span class='ocrx_word' id='word_1_66' title='bbox 797 1012 846 1070; x_wconf 84' lang='lat' dir='ltr'><strong>Sic</strong></span> <span class='ocrx_word' id='word_1_67' title='bbox 867 1032 930 1088; x_wconf 81' lang='lat' dir='ltr'><strong>quae</strong></span> <span class='ocrx_word' id='word_1_68' title='bbox 943 1000 986 1072; x_wconf 76' lang='lat' dir='ltr'><strong>¹de</strong></span> <span class='ocrx_word' id='word_1_69' title='bbox 1007 1013 1158 1072; x_wconf 82' lang='lat' dir='ltr'><strong>Salomone</strong></span> <span class='ocrx_word' id='word_1_70' title='bbox 1178 1016 1229 1073; x_wconf 89' lang='lat' dir='ltr'><strong>Ps.</strong></span> <span class='ocrx_word' id='word_1_71' title='bbox 1250 1019 1287 1074; x_wconf 80' lang='lat' dir='ltr'><strong>&#39;tl</strong></span> 
     </span>
     <span class='ocr_line' id='line_1_9' title="bbox 100 1104 1290 1190; baseline 0 -20"><span class='ocrx_word' id='word_1_72' title='bbox 100 1109 303 1190; x_wconf 74' lang='lat' dir='ltr'><strong>praedicantum,</strong></span> <span class='ocrx_word' id='word_1_73' title='bbox 316 1109 511 1168; x_wconf 68' lang='lat' dir='ltr'><strong>sublimiorem</strong></span> <span class='ocrx_word' id='word_1_74' title='bbox 522 1109 643 1168; x_wconf 89' lang='lat' dir='ltr'><strong>terrestri</strong></span> <span class='ocrx_word' id='word_1_75' title='bbox 653 1128 720 1186; x_wconf 79' lang='lat' dir='ltr'><strong>rege</strong></span> <span class='ocrx_word' id='word_1_76' title='bbox 731 1110 896 1187; x_wconf 87' lang='lat' dir='ltr'><strong>respiciunt.</strong></span> <span class='ocrx_word' id='word_1_77' title='bbox 925 1104 1040 1187; x_wconf 87' lang='lat' dir='ltr'><strong>Duplex</strong></span> <span class='ocrx_word' id='word_1_78' title='bbox 1049 1110 1290 1188; x_wconf 81' lang='lat' dir='ltr'><strong>igituraliquando</strong></span> 
     </span>
     <span class='ocr_line' id='line_1_10' title="bbox 98 1205 1313 1291; baseline 0.002 -25"><span class='ocrx_word' id='word_1_79' title='bbox 98 1208 297 1272; x_wconf 79' lang='lat' dir='ltr'><strong>vaticiniorum</strong></span> <span class='ocrx_word' id='word_1_80' title='bbox 311 1225 412 1268; x_wconf 79' lang='lat' dir='ltr'><strong>sensim</strong></span> <span class='ocrx_word' id='word_1_81' title='bbox 433 1216 487 1275; x_wconf 88' lang='lat' dir='ltr'><strong>est,</strong></span> <span class='ocrx_word' id='word_1_82' title='bbox 502 1207 571 1291; x_wconf 83' lang='lat' dir='ltr'><strong>alter</strong></span> <span class='ocrx_word' id='word_1_83' title='bbox 591 1207 696 1284; x_wconf 89' lang='lat' dir='ltr'><strong>quippe</strong></span> <span class='ocrx_word' id='word_1_84' title='bbox 718 1205 754 1264; x_wconf 92' lang='lat' dir='ltr'><strong>ad</strong></span> <span class='ocrx_word' id='word_1_85' title='bbox 774 1206 1142 1284; x_wconf 74' lang='lat' dir='ltr'><strong>immediatumobjectum,</strong></span> <span class='ocrx_word' id='word_1_86' title='bbox 1164 1208 1234 1267; x_wconf 88' lang='lat' dir='ltr'><strong>alter</strong></span> <span class='ocrx_word' id='word_1_87' title='bbox 1255 1207 1313 1268; x_wconf 90' lang='lat' dir='ltr'><strong>ad·</strong></span> 
     </span>
     <span class='ocr_line' id='line_1_11' title="bbox 49 1299 1290 1383; baseline -0.002 -19"><span class='ocrx_word' id='word_1_88' title='bbox 49 1302 53 1307; x_wconf 79' lang='grc'>’</span> <span class='ocrx_word' id='word_1_89' title='bbox 101 1299 242 1364; x_wconf 83' lang='grc' dir='ltr'><strong>ιιιιιιιιιιιι</strong></span> <span class='ocrx_word' id='word_1_90' title='bbox 256 1305 391 1372; x_wconf 64' lang='lat' dir='ltr'><strong>refertum</strong></span> <span class='ocrx_word' id='word_1_91' title='bbox 404 1303 459 1362; x_wconf 84' lang='lat' dir='ltr'><strong>sed</strong></span> <span class='ocrx_word' id='word_1_92' title='bbox 468 1303 645 1380; x_wconf 81' lang='lat' dir='ltr'><strong>probationis</strong></span> <span class='ocrx_word' id='word_1_93' title='bbox 659 1304 703 1360; x_wconf 88' lang='lat' dir='ltr'><strong>vis</strong></span> <span class='ocrx_word' id='word_1_94' title='bbox 716 1303 871 1381; x_wconf 73' lang='lat' dir='ltr'><strong>penderes</strong></span> <span class='ocrx_word' id='word_1_95' title='bbox 886 1304 1029 1363; x_wconf 80' lang='lat' dir='ltr'><strong>relationis</strong></span> <span class='ocrx_word' id='word_1_96' title='bbox 1043 1305 1251 1383; x_wconf 79' lang='lat' dir='ltr'><strong>perspicuitate.</strong></span> <span class='ocrx_word' id='word_1_97' title='bbox 1272 1308 1290 1354; x_wconf 67' lang='grc' dir='ltr'><strong>ι</strong></span> 
     </span>
     <span class='ocr_line' id='line_1_12' title="bbox 35 1394 1291 1478; baseline -0.001 -18"><span class='ocrx_word' id='word_1_98' title='bbox 35 1434 39 1439; x_wconf 88' lang='grc'><em>·</em></span> <span class='ocrx_word' id='word_1_99' title='bbox 101 1405 119 1441; x_wconf 73' lang='lat'><strong>¹*</strong></span> <span class='ocrx_word' id='word_1_100' title='bbox 139 1394 211 1469; x_wconf 77' lang='grc' dir='ltr'><strong>Ωιι</strong></span> <span class='ocrx_word' id='word_1_101' title='bbox 226 1401 357 1478; x_wconf 85' lang='lat' dir='ltr'><strong>dogmata</strong></span> <span class='ocrx_word' id='word_1_102' title='bbox 371 1400 468 1459; x_wconf 84' lang='lat' dir='ltr'><strong>divina</strong></span> <span class='ocrx_word' id='word_1_103' title='bbox 483 1400 647 1477; x_wconf 89' lang='lat' dir='ltr'><strong>respiciunt,</strong></span> <span class='ocrx_word' id='word_1_104' title='bbox 662 1400 830 1477; x_wconf 89' lang='lat' dir='ltr'><strong>simpliciter</strong></span> <span class='ocrx_word' id='word_1_105' title='bbox 843 1399 1096 1478; x_wconf 79' lang='lat' dir='ltr'><strong>accipiendasunt,</strong></span> <span class='ocrx_word' id='word_1_106' title='bbox 1111 1420 1164 1459; x_wconf 91' lang='lat' dir='ltr'><strong>nec</strong></span> <span class='ocrx_word' id='word_1_107' title='bbox 1175 1401 1242 1459; x_wconf 87' lang='lat' dir='ltr'><strong>licet</strong></span> <span class='ocrx_word' id='word_1_108' title='bbox 1251 1420 1291 1469; x_wconf 54' lang='lat' dir='ltr'><strong>,ea</strong></span> 
     </span>
     <span class='ocr_line' id='line_1_13' title="bbox 103 1490 1292 1608; baseline -0.003 -50"><span class='ocrx_word' id='word_1_109' title='bbox 103 1497 147 1565; x_wconf 89' lang='lat' dir='ltr'><strong>ad</strong></span> <span class='ocrx_word' id='word_1_110' title='bbox 152 1499 268 1558; x_wconf 88' lang='lat' dir='ltr'><strong>rationis</strong></span> <span class='ocrx_word' id='word_1_111' title='bbox 290 1515 419 1573; x_wconf 89' lang='lat' dir='ltr'><strong>normam</strong></span> <span class='ocrx_word' id='word_1_112' title='bbox 439 1496 618 1578; x_wconf 81' lang='lat' dir='ltr'><strong>investigare,</strong></span> <span class='ocrx_word' id='word_1_113' title='bbox 634 1510 723 1567; x_wconf 90' lang='lat' dir='ltr'><strong>quum</strong></span> <span class='ocrx_word' id='word_1_114' title='bbox 743 1490 800 1553; x_wconf 91' lang='lat' dir='ltr'><strong>Dei</strong></span> <span class='ocrx_word' id='word_1_115' title='bbox 816 1507 923 1564; x_wconf 85' lang='lat' dir='ltr'><strong>natura,</strong></span> <span class='ocrx_word' id='word_1_116' title='bbox 935 1515 1035 1608; x_wconf 82' lang='lat' dir='ltr'><strong>opere,</strong></span> <span class='ocrx_word' id='word_1_117' title='bbox 1051 1497 1178 1566; x_wconf 88' lang='lat' dir='ltr'><strong>consilia,</strong></span> <span class='ocrx_word' id='word_1_118' title='bbox 1194 1497 1292 1583; x_wconf 84' lang='lat' dir='ltr'><strong>huma·</strong></span> 
     </span>
     <span class='ocr_line' id='line_1_14' title="bbox 103 1584 1293 1680; baseline -0.001 -26"><span class='ocrx_word' id='word_1_119' title='bbox 103 1584 172 1655; x_wconf 79' lang='lat' dir='ltr'><strong>num</strong></span> <span class='ocrx_word' id='word_1_120' title='bbox 191 1593 365 1654; x_wconf 84' lang='lat' dir='ltr'><strong>intellectum</strong></span> <span class='ocrx_word' id='word_1_121' title='bbox 378 1593 462 1668; x_wconf 89' lang='lat' dir='ltr'><strong>longe</strong></span> <span class='ocrx_word' id='word_1_122' title='bbox 476 1591 653 1680; x_wconf 80' lang='lat' dir='ltr'><strong>superent-¹</strong></span> <span class='ocrx_word' id='word_1_123' title='bbox 675 1590 739 1662; x_wconf 85' lang='lat' dir='ltr'><strong>Hac</strong></span> <span class='ocrx_word' id='word_1_124' title='bbox 753 1609 789 1649; x_wconf 84' lang='lat' dir='ltr'><strong>ex</strong></span> <span class='ocrx_word' id='word_1_125' title='bbox 803 1600 882 1667; x_wconf 90' lang='lat' dir='ltr'><strong>parte</strong></span> <span class='ocrx_word' id='word_1_126' title='bbox 896 1593 1020 1651; x_wconf 84' lang='lat' dir='ltr'><strong>maxime</strong></span> <span class='ocrx_word' id='word_1_127' title='bbox 1034 1602 1185 1677; x_wconf 82' lang='lat' dir='ltr'><strong>peccarunt</strong></span> <span class='ocrx_word' id='word_1_128' title='bbox 1197 1611 1293 1679; x_wconf 82' lang='lat' dir='ltr'><strong>recen·</strong></span> 
     </span>
     <span class='ocr_line' id='line_1_15' title="bbox 92 1674 1293 1766; baseline -0.002 -16"><span class='ocrx_word' id='word_1_129' title='bbox 92 1690 190 1758; x_wconf 80' lang='lat' dir='ltr'><strong>,tiores</strong></span> <span class='ocrx_word' id='word_1_130' title='bbox 204 1688 381 1766; x_wconf 77' lang='lat' dir='ltr'><strong>interpretes,</strong></span> <span class='ocrx_word' id='word_1_131' title='bbox 398 1687 591 1747; x_wconf 83' lang='lat' dir='ltr'><strong>Rationaliste</strong></span> <span class='ocrx_word' id='word_1_132' title='bbox 605 1696 635 1745; x_wconf 90' lang='lat' dir='ltr'><strong>et</strong></span> <span class='ocrx_word' id='word_1_133' title='bbox 648 1674 809 1746; x_wconf 85' lang='lat' dir='ltr'><strong>Unitariani</strong></span> <span class='ocrx_word' id='word_1_134' title='bbox 823 1687 969 1746; x_wconf 86' lang='lat' dir='ltr'><strong>abutentes</strong></span> <span class='ocrx_word' id='word_1_135' title='bbox 986 1688 1215 1759; x_wconf 87' lang='lat' dir='ltr'><strong>Hermeneutica,</strong></span> <span class='ocrx_word' id='word_1_136' title='bbox 1229 1708 1293 1764; x_wconf 77' lang='lat' dir='ltr'><strong>qus</strong></span> 
     </span>
     <span class='ocr_line' id='line_1_16' title="bbox 73 1780 1292 1871; baseline 0 -24"><span class='ocrx_word' id='word_1_137' title='bbox 73 1785 76 1791; x_wconf 84' lang='grc'><strong>’</strong></span> <span class='ocrx_word' id='word_1_138' title='bbox 101 1807 196 1864; x_wconf 89' lang='lat' dir='ltr'><strong>quum</strong></span> <span class='ocrx_word' id='word_1_139' title='bbox 205 1787 263 1846; x_wconf 88' lang='lat' dir='ltr'><strong>Dei</strong></span> <span class='ocrx_word' id='word_1_140' title='bbox 275 1787 390 1861; x_wconf 87' lang='lat' dir='ltr'><strong>eloquia</strong></span> <span class='ocrx_word' id='word_1_141' title='bbox 403 1784 570 1871; x_wconf 82' lang='lat' dir='ltr'><strong>explicanda</strong></span> <span class='ocrx_word' id='word_1_142' title='bbox 590 1783 776 1861; x_wconf 87' lang='lat' dir='ltr'><strong>aggrediatur,</strong></span> <span class='ocrx_word' id='word_1_143' title='bbox 792 1780 937 1844; x_wconf 81' lang='lat' dir='ltr'><strong>divinam</strong></span> <span class='ocrx_word' id='word_1_144' title='bbox 930 1790 1121 1846; x_wconf 86' lang='lat' dir='ltr'><strong>auctoritatem</strong></span> <span class='ocrx_word' id='word_1_145' title='bbox 1141 1797 1292 1865; x_wconf 87' lang='lat' dir='ltr'><strong>spectatam</strong></span> 
     </span>
     <span class='ocr_line' id='line_1_17' title="bbox 17 1880 1293 1965; baseline -0.001 -21"><span class='ocrx_word' id='word_1_146' title='bbox 17 1934 21 1943; x_wconf 83' lang='lat'><strong>.</strong></span> <span class='ocrx_word' id='word_1_147' title='bbox 104 1906 164 1965; x_wconf 78' lang='lat' dir='ltr'><strong>pre</strong></span> <span class='ocrx_word' id='word_1_148' title='bbox 178 1884 310 1944; x_wconf 86' lang='lat' dir='ltr'><strong>omnibus</strong></span> <span class='ocrx_word' id='word_1_149' title='bbox 324 1880 427 1946; x_wconf 81' lang='lat' dir='ltr'><strong>habere</strong></span> <span class='ocrx_word' id='word_1_150' title='bbox 442 1882 539 1941; x_wconf 91' lang='lat' dir='ltr'><strong>debet..</strong></span> <span class='ocrx_word' id='word_1_151' title='bbox 568 1882 620 1941; x_wconf 78' lang='lat' dir='ltr'><strong>ab</strong></span> <span class='ocrx_word' id='word_1_152' title='bbox 633 1882 718 1940; x_wconf 84' lang='lat' dir='ltr'><strong>obvio</strong></span> <span class='ocrx_word' id='word_1_153' title='bbox 731 1882 817 1962; x_wconf 83' lang='lat' dir='ltr'><strong>igitur</strong></span> <span class='ocrx_word' id='word_1_154' title='bbox 829 1883 979 1942; x_wconf 79' lang='lat' dir='ltr'><strong>verborum</strong></span> <span class='ocrx_word' id='word_1_155' title='bbox 998 1902 1096 1965; x_wconf 80' lang='lat' dir='ltr'><strong>sensu,</strong></span> <span class='ocrx_word' id='word_1_156' title='bbox 1110 1884 1293 1962; x_wconf 83' lang='lat' dir='ltr'><strong>quibnsdog·</strong></span> 
     </span>
     <span class='ocr_line' id='line_1_18' title="bbox 105 1964 1294 2060; baseline 0 -18"><span class='ocrx_word' id='word_1_157' title='bbox 105 1990 181 2042; x_wconf 88' lang='lat' dir='ltr'><strong>mata</strong></span> <span class='ocrx_word' id='word_1_158' title='bbox 199 1964 340 2040; x_wconf 80' lang='lat' dir='ltr'><strong>diuinitus</strong></span> <span class='ocrx_word' id='word_1_159' title='bbox 355 1980 501 2057; x_wconf 88' lang='lat' dir='ltr'><strong>proposita</strong></span> <span class='ocrx_word' id='word_1_160' title='bbox 519 1988 595 2048; x_wconf 86' lang='grc' dir='ltr'><strong>ιιιιι,</strong></span> <span class='ocrx_word' id='word_1_161' title='bbox 610 1979 755 2043; x_wconf 78' lang='lat' dir='ltr'><strong>nonlicet</strong></span> <span class='ocrx_word' id='word_1_162' title='bbox 774 1979 915 2048; x_wconf 88' lang='lat' dir='ltr'><strong>recedere,</strong></span> <span class='ocrx_word' id='word_1_163' title='bbox 930 1981 986 2039; x_wconf 77' lang='lat' dir='ltr'><strong>nisi</strong></span> <span class='ocrx_word' id='word_1_164' title='bbox 1007 1981 1125 2041; x_wconf 85' lang='lat' dir='ltr'><strong>clariora</strong></span> <span class='ocrx_word' id='word_1_165' title='bbox 1143 1992 1294 2060; x_wconf 83' lang='lat' dir='ltr'><strong>suppetant</strong></span> 
     </span>
     <span class='ocr_line' id='line_1_19' title="bbox 106 2076 1293 2156; baseline 0.002 -20"><span class='ocrx_word' id='word_1_166' title='bbox 106 2079 316 2153; x_wconf 80' lang='lat' dir='ltr'><strong>Scripturarum</strong></span> <span class='ocrx_word' id='word_1_167' title='bbox 337 2076 506 2143; x_wconf 75' lang='lat' dir='ltr'><strong>testimonia,</strong></span> <span class='ocrx_word' id='word_1_168' title='bbox 522 2077 624 2149; x_wconf 87' lang='lat' dir='ltr'><strong>quibus</strong></span> <span class='ocrx_word' id='word_1_169' title='bbox 642 2076 824 2145; x_wconf 86' lang='lat' dir='ltr'><strong>illustrentur,</strong></span> <span class='ocrx_word' id='word_1_170' title='bbox 839 2077 886 2136; x_wconf 84' lang='lat' dir='ltr'><strong>vel</strong></span> <span class='ocrx_word' id='word_1_171' title='bbox 899 2078 1048 2137; x_wconf 83' lang='lat' dir='ltr'><strong>manifesta</strong></span> <span class='ocrx_word' id='word_1_172' title='bbox 1060 2089 1200 2156; x_wconf 85' lang='lat' dir='ltr'><strong>repugnet</strong></span> <span class='ocrx_word' id='word_1_173' title='bbox 1212 2080 1293 2149; x_wconf 90' lang='lat' dir='ltr'><strong>ratio,</strong></span> 
     </span>
     <span class='ocr_line' id='line_1_20' title="bbox 57 2155 1322 2251; baseline 0.003 -19"><span class='ocrx_word' id='word_1_174' title='bbox 57 2212 61 2217; x_wconf 85' lang='lat'><em>-</em></span> <span class='ocrx_word' id='word_1_175' title='bbox 106 2172 247 2233; x_wconf 78' lang='lat' dir='ltr'><strong>Ecclesia</strong></span> <span class='ocrx_word' id='word_1_176' title='bbox 260 2168 317 2229; x_wconf 87' lang='lat' dir='ltr'><strong>fide</strong></span> <span class='ocrx_word' id='word_1_177' title='bbox 330 2180 360 2229; x_wconf 94' lang='lat' dir='ltr'><strong>et</strong></span> <span class='ocrx_word' id='word_1_178' title='bbox 374 2155 688 2253; x_wconf 83' lang='lat' dir='ltr'><strong>judicio&#39;comprobata.</strong></span> <span class='ocrx_word' id='word_1_179' title='bbox 729 2172 838 2231; x_wconf 85' lang='lat' dir='ltr'><strong>Mirum</strong></span> <span class='ocrx_word' id='word_1_180' title='bbox 852 2171 941 2232; x_wconf 87' lang='lat' dir='ltr'><strong>videri</strong></span> <span class='ocrx_word' id='word_1_181' title='bbox 956 2172 1041 2232; x_wconf 88' lang='lat' dir='ltr'><strong>debet</strong></span> <span class='ocrx_word' id='word_1_182' title='bbox 1055 2173 1198 2233; x_wconf 87' lang='lat' dir='ltr'><strong>Homium</strong></span> <span class='ocrx_word' id='word_1_183' title='bbox 1213 2174 1295 2237; x_wconf 81' lang='lat' dir='ltr'><strong>alios·</strong></span> <span class='ocrx_word' id='word_1_184' title='bbox 1320 2196 1322 2201; x_wconf 90' lang='lat'>·</span> 
     </span>
     <span class='ocr_line' id='line_1_21' title="bbox 105 2264 1294 2344; baseline 0.004 -18"><span class='ocrx_word' id='word_1_185' title='bbox 105 2287 170 2343; x_wconf 88' lang='lat' dir='ltr'><strong>que</strong></span> <span class='ocrx_word' id='word_1_186' title='bbox 177 2266 358 2326; x_wconf 80' lang='lat' dir='ltr'><strong>revelationis</strong></span> <span class='ocrx_word' id='word_1_187' title='bbox 369 2264 496 2335; x_wconf 80' lang='lat' dir='ltr'><strong>vindices</strong></span> <span class='ocrx_word' id='word_1_188' title='bbox 510 2266 680 2343; x_wconf 86' lang='lat' dir='ltr'><strong>principium</strong></span> <span class='ocrx_word' id='word_1_189' title='bbox 694 2285 882 2344; x_wconf 88' lang='lat' dir='ltr'><strong>propugnare,</strong></span> <span class='ocrx_word' id='word_1_190' title='bbox 898 2287 960 2342; x_wconf 91' lang='lat' dir='ltr'><strong>quo</strong></span> <span class='ocrx_word' id='word_1_191' title='bbox 971 2279 1045 2331; x_wconf 88' lang='lat' dir='ltr'><strong>totus</strong></span> <span class='ocrx_word' id='word_1_192' title='bbox 1058 2270 1152 2328; x_wconf 82' lang='lat' dir='ltr'><strong>rime</strong></span> <span class='ocrx_word' id='word_1_193' title='bbox 1148 2269 1294 2331; x_wconf 80' lang='lat' dir='ltr'><strong>Ratione·</strong></span> 
     </span>
     <span class='ocr_line' id='line_1_22' title="bbox 104 2363 1295 2445; baseline 0.003 -19"><span class='ocrx_word' id='word_1_194' title='bbox 104 2365 190 2426; x_wconf 68' lang='lat' dir='ltr'><strong>terme·</strong></span> <span class='ocrx_word' id='word_1_195' title='bbox 203 2367 371 2434; x_wconf 86' lang='lat' dir='ltr'><strong>continetur,</strong></span> <span class='ocrx_word' id='word_1_196' title='bbox 382 2365 412 2424; x_wconf 86' lang='lat' dir='ltr'><strong>si</strong></span> <span class='ocrx_word' id='word_1_197' title='bbox 428 2365 516 2435; x_wconf 86' lang='lat' dir='ltr'><strong>enim,</strong></span> <span class='ocrx_word' id='word_1_198' title='bbox 528 2364 572 2422; x_wconf 91' lang='grc' dir='ltr'><strong>ιιι</strong></span> <span class='ocrx_word' id='word_1_199' title='bbox 585 2363 697 2445; x_wconf 88' lang='lat' dir='ltr'><strong>docent,</strong></span> <span class='ocrx_word' id='word_1_200' title='bbox 712 2365 790 2442; x_wconf 86' lang='lat' dir='ltr'><strong>prius</strong></span> <span class='ocrx_word' id='word_1_201' title='bbox 810 2365 984 2429; x_wconf 88' lang='lat' dir='ltr'><strong>consulenda</strong></span> <span class='ocrx_word' id='word_1_202' title='bbox 1003 2367 1052 2426; x_wconf 89' lang='lat' dir='ltr'><strong>eit</strong></span> <span class='ocrx_word' id='word_1_203' title='bbox 1056 2369 1131 2427; x_wconf 83' lang='lat' dir='ltr'><strong>ratio</strong></span> <span class='ocrx_word' id='word_1_204' title='bbox 1145 2379 1295 2443; x_wconf 76' lang='lat' dir='ltr'><strong>numquam</strong></span> 
     </span>
     <span class='ocr_line' id='line_1_23' title="bbox 105 2438 1296 2551; baseline 0.003 -27"><span class='ocrx_word' id='word_1_205' title='bbox 105 2465 142 2524; x_wconf 89' lang='lat' dir='ltr'><strong>de</strong></span> <span class='ocrx_word' id='word_1_206' title='bbox 165 2474 259 2523; x_wconf 78' lang='lat' dir='ltr'><strong>textus</strong></span> <span class='ocrx_word' id='word_1_207' title='bbox 279 2464 369 2551; x_wconf 84' lang='lat' dir='ltr'><strong>sensu&#39;</strong></span> <span class='ocrx_word' id='word_1_208' title='bbox 390 2455 563 2532; x_wconf 81' lang='lat' dir='ltr'><strong>decernatur,</strong></span> <span class='ocrx_word' id='word_1_209' title='bbox 578 2438 668 2521; x_wconf 81' lang='lat' dir='ltr'><strong>facila</strong></span> <span class='ocrx_word' id='word_1_210' title='bbox 684 2464 780 2531; x_wconf 86' lang='lat' dir='ltr'><strong>omnia</strong></span> <span class='ocrx_word' id='word_1_211' title='bbox 802 2464 966 2542; x_wconf 75' lang='lat' dir='ltr'><strong>rejicientur,</strong></span> <span class='ocrx_word' id='word_1_212' title='bbox 985 2450 1117 2544; x_wconf 80' lang='lat' dir='ltr'><strong>dogmata</strong></span> <span class='ocrx_word' id='word_1_213' title='bbox 1138 2485 1204 2542; x_wconf 86' lang='lat' dir='ltr'><strong>quae</strong></span> <span class='ocrx_word' id='word_1_214' title='bbox 1220 2457 1296 2528; x_wconf 83' lang='lat' dir='ltr'><strong>vide·</strong></span> 
     </span>
     <span class='ocr_line' id='line_1_24' title="bbox 106 2544 1295 2644; baseline 0.003 -22"><span class='ocrx_word' id='word_1_215' title='bbox 106 2561 210 2622; x_wconf 84' lang='lat' dir='ltr'><strong>buntur</strong></span> <span class='ocrx_word' id='word_1_216' title='bbox 218 2544 324 2621; x_wconf 86' lang='lat' dir='ltr'><strong>rationi</strong></span> <span class='ocrx_word' id='word_1_217' title='bbox 339 2561 465 2621; x_wconf 79' lang='lat' dir='ltr'><strong>aduersa.</strong></span> <span class='ocrx_word' id='word_1_218' title='bbox 481 2554 605 2621; x_wconf 84' lang='lat' dir='ltr'><strong>Verum</strong></span> <span class='ocrx_word' id='word_1_219' title='bbox 615 2559 731 2634; x_wconf 88' lang='lat' dir='ltr'><strong>quidem</strong></span> <span class='ocrx_word' id='word_1_220' title='bbox 746 2571 790 2623; x_wconf 87' lang='lat' dir='ltr'><strong>est</strong></span> <span class='ocrx_word' id='word_1_221' title='bbox 803 2563 954 2623; x_wconf 85' lang='lat' dir='ltr'><strong>revelatam</strong></span> <span class='ocrx_word' id='word_1_222' title='bbox 969 2563 1152 2626; x_wconf 88' lang='lat' dir='ltr'><strong>doctrinam</strong></span> <span class='ocrx_word' id='word_1_223' title='bbox 1138 2585 1195 2625; x_wconf 89' lang='lat' dir='ltr'><strong>non</strong></span> <span class='ocrx_word' id='word_1_224' title='bbox 1210 2585 1295 2644; x_wconf 86' lang='lat' dir='ltr'><strong>posse</strong></span> 
     </span>
     <span class='ocr_line' id='line_1_25' title="bbox 85 2656 1297 2737; baseline 0.002 -17"><span class='ocrx_word' id='word_1_225' title='bbox 85 2660 211 2720; x_wconf 82' lang='lat' dir='ltr'><strong>&#39;rationi&#39;</strong></span> <span class='ocrx_word' id='word_1_226' title='bbox 233 2677 409 2737; x_wconf 71' lang='lat' dir='ltr'><strong>repugnaret</strong></span> <span class='ocrx_word' id='word_1_227' title='bbox 434 2657 485 2715; x_wconf 89' lang='lat' dir='ltr'><strong>sed</strong></span> <span class='ocrx_word' id='word_1_228' title='bbox 505 2658 542 2715; x_wconf 93' lang='lat' dir='ltr'><strong>ob</strong></span> <span class='ocrx_word' id='word_1_229' title='bbox 565 2656 627 2734; x_wconf 83' lang='lat' dir='ltr'><strong>ejus</strong></span> <span class='ocrx_word' id='word_1_230' title='bbox 650 2657 828 2717; x_wconf 86' lang='lat' dir='ltr'><strong>altitudinem</strong></span> <span class='ocrx_word' id='word_1_231' title='bbox 849 2670 944 2735; x_wconf 88' lang='lat' dir='ltr'><strong>potest</strong></span> <span class='ocrx_word' id='word_1_232' title='bbox 963 2659 1052 2719; x_wconf 81' lang='lat' dir='ltr'><strong>sideri</strong></span> <span class='ocrx_word' id='word_1_233' title='bbox 1075 2661 1201 2730; x_wconf 73' lang='lat' dir='ltr'><strong>adversa,</strong></span> <span class='ocrx_word' id='word_1_234' title='bbox 1223 2673 1252 2720; x_wconf 94' lang='lat' dir='ltr'><strong>et</strong></span> <span class='ocrx_word' id='word_1_235' title='bbox 1271 2663 1297 2722; x_wconf 88' lang='lat' dir='ltr'><strong>si</strong></span> 
     </span>
     <span class='ocr_line' id='line_1_26' title="bbox 86 2747 1296 2847; baseline 0 -31"><span class='ocrx_word' id='word_1_236' title='bbox 86 2756 300 2853; x_wconf 72' lang='lat' dir='ltr'><strong>singulorum</strong></span> <span class='ocrx_word' id='word_1_237' title='bbox 302 2753 403 2812; x_wconf 89' lang='lat' dir='ltr'><strong>rationi</strong></span> <span class='ocrx_word' id='word_1_238' title='bbox 419 2751 573 2830; x_wconf 89' lang='lat' dir='ltr'><strong>judicium</strong></span> <span class='ocrx_word' id='word_1_239' title='bbox 580 2750 766 2841; x_wconf 74' lang='lat' dir='ltr'><strong>permittatur,</strong></span> <span class='ocrx_word' id='word_1_240' title='bbox 780 2753 830 2811; x_wconf 84' lang='lat' dir='ltr'><strong>vix</strong></span> <span class='ocrx_word' id='word_1_241' title='bbox 855 2747 962 2826; x_wconf 91' lang='lat' dir='ltr'><strong>aliquid</strong></span> <span class='ocrx_word' id='word_1_242' title='bbox 982 2756 1123 2813; x_wconf 83' lang='lat' dir='ltr'><strong>obtinebit</strong></span> <span class='ocrx_word' id='word_1_243' title='bbox 1138 2775 1296 2816; x_wconf 83' lang='lat' dir='ltr'><strong>assensum.</strong></span> 
     </span>
     <span class='ocr_line' id='line_1_27' title="bbox 111 2839 1297 2930; baseline 0.001 -17"><span class='ocrx_word' id='word_1_244' title='bbox 111 2853 306 2920; x_wconf 89' lang='lat' dir='ltr'><strong>Necessario</strong></span> <span class='ocrx_word' id='word_1_245' title='bbox 298 2853 383 2930; x_wconf 85' lang='lat' dir='ltr'><strong>rgitur</strong></span> <span class='ocrx_word' id='word_1_246' title='bbox 396 2848 582 2928; x_wconf 85' lang='lat' dir='ltr'><strong>apponendus</strong></span> <span class='ocrx_word' id='word_1_247' title='bbox 599 2854 643 2906; x_wconf 88' lang='lat' dir='ltr'><strong>e&#39;st</strong></span> <span class='ocrx_word' id='word_1_248' title='bbox 660 2844 743 2907; x_wconf 90' lang='lat' dir='ltr'><strong>limes</strong></span> <span class='ocrx_word' id='word_1_249' title='bbox 763 2850 879 2908; x_wconf 88' lang='lat' dir='ltr'><strong>rationis</strong></span> <span class='ocrx_word' id='word_1_250' title='bbox 900 2850 1025 2919; x_wconf 89' lang='lat' dir='ltr'><strong>arbitrio,</strong></span> <span class='ocrx_word' id='word_1_251' title='bbox 1039 2839 1167 2926; x_wconf 90' lang='lat' dir='ltr'><strong>nihilque</strong></span> <span class='ocrx_word' id='word_1_252' title='bbox 1181 2853 1217 2911; x_wconf 93' lang='lat' dir='ltr'><strong>ad</strong></span> <span class='ocrx_word' id='word_1_253' title='bbox 1230 2850 1297 2914; x_wconf 87' lang='lat' dir='ltr'><strong>alie·</strong></span> 
     </span>
     <span class='ocr_line' id='line_1_28' title="bbox 108 2946 1296 3028; baseline -0.001 -15"><span class='ocrx_word' id='word_1_254' title='bbox 108 2966 181 3014; x_wconf 84' lang='lat' dir='ltr'><strong>num</strong></span> <span class='ocrx_word' id='word_1_255' title='bbox 201 2948 318 3011; x_wconf 84' lang='lat' dir='ltr'><strong>sensum</strong></span> <span class='ocrx_word' id='word_1_256' title='bbox 335 2946 560 3022; x_wconf 79' lang='lat' dir='ltr'><strong>detorquendam</strong></span> <span class='ocrx_word' id='word_1_257' title='bbox 574 2948 611 3005; x_wconf 94' lang='lat' dir='ltr'><strong>ob</strong></span> <span class='ocrx_word' id='word_1_258' title='bbox 624 2952 821 3023; x_wconf 88' lang='lat' dir='ltr'><strong>apparentem</strong></span> <span class='ocrx_word' id='word_1_259' title='bbox 826 2967 892 3007; x_wconf 90' lang='lat' dir='ltr'><strong>cum</strong></span> <span class='ocrx_word' id='word_1_260' title='bbox 912 2949 1030 3007; x_wconf 89' lang='lat' dir='ltr'><strong>ratione</strong></span> <span class='ocrx_word' id='word_1_261' title='bbox 1041 2963 1175 3028; x_wconf 81' lang='lat' dir='ltr'><strong>pugnam,</strong></span> <span class='ocrx_word' id='word_1_262' title='bbox 1190 2952 1246 3016; x_wconf 89' lang='lat' dir='ltr'><strong>nisi</strong></span> <span class='ocrx_word' id='word_1_263' title='bbox 1258 2971 1296 3012; x_wconf 84' lang='lat' dir='ltr'><strong>ex</strong></span> 
     </span>
     <span class='ocr_line' id='line_1_29' title="bbox 112 3032 1076 3126; baseline -0.004 -17"><span class='ocrx_word' id='word_1_264' title='bbox 112 3049 170 3109; x_wconf 82' lang='lat' dir='ltr'><strong>fide</strong></span> <span class='ocrx_word' id='word_1_265' title='bbox 185 3048 326 3126; x_wconf 77' lang='lat' dir='ltr'><strong>Ecclesia</strong></span> <span class='ocrx_word' id='word_1_266' title='bbox 340 3046 432 3124; x_wconf 84' lang='lat' dir='ltr'><strong>pateat</strong></span> <span class='ocrx_word' id='word_1_267' title='bbox 447 3045 530 3116; x_wconf 86' lang='lat' dir='ltr'><strong>rerba</strong></span> <span class='ocrx_word' id='word_1_268' title='bbox 542 3053 626 3120; x_wconf 84' lang='lat' dir='ltr'><strong>prout</strong></span> <span class='ocrx_word' id='word_1_269' title='bbox 639 3056 740 3103; x_wconf 88' lang='lat' dir='ltr'><strong>sonant</strong></span> <span class='ocrx_word' id='word_1_270' title='bbox 752 3062 810 3102; x_wconf 87' lang='lat' dir='ltr'><strong>non</strong></span> <span class='ocrx_word' id='word_1_271' title='bbox 825 3063 889 3103; x_wconf 85' lang='lat' dir='ltr'><strong>esse</strong></span> <span class='ocrx_word' id='word_1_272' title='bbox 903 3032 1076 3123; x_wconf 79' lang='lat' dir='ltr'><strong>accipienda.</strong></span> 
     </span>
    </p>

    <p class='ocr_par' dir='ltr' id='par_1_4' title="bbox 35 3134 1313 3897">
     <span class='ocr_line' id='line_1_30' title="bbox 145 3134 1313 3221; baseline 0.001 -18"><span class='ocrx_word' id='word_1_273' title='bbox 145 3143 198 3203; x_wconf 84' lang='lat' dir='ltr'><strong>XL</strong></span> <span class='ocrx_word' id='word_1_274' title='bbox 221 3141 406 3221; x_wconf 78' lang='lat' dir='ltr'><strong>Consuetudo</strong></span> <span class='ocrx_word' id='word_1_275' title='bbox 426 3139 601 3198; x_wconf 81' lang='lat' dir='ltr'><strong>Universalis</strong></span> <span class='ocrx_word' id='word_1_276' title='bbox 619 3139 763 3200; x_wconf 83' lang='lat' dir='ltr'><strong>Ecclesiae</strong></span> <span class='ocrx_word' id='word_1_277' title='bbox 777 3142 811 3199; x_wconf 86' lang='lat' dir='ltr'><strong>ab</strong></span> <span class='ocrx_word' id='word_1_278' title='bbox 826 3142 1030 3217; x_wconf 87' lang='lat' dir='ltr'><strong>antiquissimis</strong></span> <span class='ocrx_word' id='word_1_279' title='bbox 1048 3134 1222 3221; x_wconf 87' lang='lat' dir='ltr'><strong>temporibus</strong></span> <span class='ocrx_word' id='word_1_280' title='bbox 1252 3149 1313 3207; x_wconf 71' lang='lat' dir='ltr'><strong>est‘</strong></span> 
     </span>
     <span class='ocr_line' id='line_1_31' title="bbox 112 3230 1296 3329; baseline 0.002 -29"><span class='ocrx_word' id='word_1_281' title='bbox 112 3241 258 3329; x_wconf 80' lang='lat' dir='ltr'><strong>tutissima.</strong></span> <span class='ocrx_word' id='word_1_282' title='bbox 272 3230 509 3316; x_wconf 83' lang='lat' dir='ltr'><strong>interpretationis</strong></span> <span class='ocrx_word' id='word_1_283' title='bbox 529 3236 644 3313; x_wconf 79' lang='lat' dir='ltr'><strong>regular</strong></span> <span class='ocrx_word' id='word_1_284' title='bbox 665 3256 752 3310; x_wconf 90' lang='lat' dir='ltr'><strong>quum</strong></span> <span class='ocrx_word' id='word_1_285' title='bbox 770 3238 846 3297; x_wconf 91' lang='lat' dir='ltr'><strong>enim</strong></span> <span class='ocrx_word' id='word_1_286' title='bbox 861 3258 923 3312; x_wconf 76' lang='lat' dir='ltr'><strong>que</strong></span> <span class='ocrx_word' id='word_1_287' title='bbox 936 3239 1097 3316; x_wconf 69' lang='lat' dir='ltr'><strong>&gt;scripturis</strong></span> <span class='ocrx_word' id='word_1_288' title='bbox 1120 3240 1296 3302; x_wconf 87' lang='lat' dir='ltr'><strong>tradebantur</strong></span> 
     </span>
     <span class='ocr_line' id='line_1_32' title="bbox 35 3333 1296 3414; baseline -0.002 -15"><span class='ocrx_word' id='word_1_289' title='bbox 35 3336 37 3340; x_wconf 72' lang='grc'><strong>’</strong></span> <span class='ocrx_word' id='word_1_290' title='bbox 93 3372 95 3377; x_wconf 68' lang='lat'><strong>,</strong></span> <span class='ocrx_word' id='word_1_291' title='bbox 110 3341 141 3400; x_wconf 88' lang='lat' dir='ltr'><strong>iu</strong></span> <span class='ocrx_word' id='word_1_292' title='bbox 154 3339 238 3398; x_wconf 84' lang='lat' dir='ltr'><strong>usum</strong></span> <span class='ocrx_word' id='word_1_293' title='bbox 252 3337 465 3402; x_wconf 84' lang='lat' dir='ltr'><strong>deducerentur.</strong></span> <span class='ocrx_word' id='word_1_294' title='bbox 478 3333 658 3393; x_wconf 81' lang='lat' dir='ltr'><strong>fundamenta</strong></span> <span class='ocrx_word' id='word_1_295' title='bbox 671 3335 780 3393; x_wconf 90' lang='lat' dir='ltr'><strong>scilicet</strong></span> <span class='ocrx_word' id='word_1_296' title='bbox 793 3347 872 3395; x_wconf 86' lang='lat' dir='ltr'><strong>erant</strong></span> <span class='ocrx_word' id='word_1_297' title='bbox 882 3336 947 3396; x_wconf 88' lang='lat' dir='ltr'><strong>fidei</strong></span> <span class='ocrx_word' id='word_1_298' title='bbox 962 3347 990 3394; x_wconf 91' lang='lat' dir='ltr'><strong>et</strong></span> <span class='ocrx_word' id='word_1_299' title='bbox 1001 3334 1170 3395; x_wconf 82' lang='lat' dir='ltr'><strong>officiorum</strong></span> <span class='ocrx_word' id='word_1_300' title='bbox 1168 3340 1296 3414; x_wconf 85' lang='lat' dir='ltr'><strong>pictatis,</strong></span> 
     </span>
     <span class='ocr_line' id='line_1_33' title="bbox 109 3418 1295 3517; baseline 0 -22"><span class='ocrx_word' id='word_1_301' title='bbox 109 3455 150 3499; x_wconf 83' lang='lat' dir='ltr'><strong>ex</strong></span> <span class='ocrx_word' id='word_1_302' title='bbox 174 3435 299 3514; x_wconf 87' lang='lat' dir='ltr'><strong>publica.</strong></span> <span class='ocrx_word' id='word_1_303' title='bbox 306 3443 334 3492; x_wconf 89' lang='lat' dir='ltr'><strong>et</strong></span> <span class='ocrx_word' id='word_1_304' title='bbox 353 3429 499 3515; x_wconf 83' lang='lat' dir='ltr'><strong>generali</strong></span> <span class='ocrx_word' id='word_1_305' title='bbox 495 3430 704 3488; x_wconf 88' lang='lat' dir='ltr'><strong>consuetudine</strong></span> <span class='ocrx_word' id='word_1_306' title='bbox 729 3433 892 3517; x_wconf 86' lang='lat' dir='ltr'><strong>solemniter</strong></span> <span class='ocrx_word' id='word_1_307' title='bbox 917 3426 1022 3491; x_wconf 85' lang='lat' dir='ltr'><strong>sancita</strong></span> <span class='ocrx_word' id='word_1_308' title='bbox 1047 3418 1127 3515; x_wconf 86' lang='lat' dir='ltr'><strong>quid</strong></span> <span class='ocrx_word' id='word_1_309' title='bbox 1136 3433 1295 3495; x_wconf 83' lang='lat' dir='ltr'><strong>faciendum</strong></span> 
     </span>
     <span class='ocr_line' id='line_1_34' title="bbox 112 3510 1297 3616; baseline -0.001 -23"><span class='ocrx_word' id='word_1_310' title='bbox 112 3532 322 3611; x_wconf 80' lang='lat' dir='ltr'><strong>injungebatur,</strong></span> <span class='ocrx_word' id='word_1_311' title='bbox 337 3529 443 3605; x_wconf 90' lang='lat' dir='ltr'><strong>optime</strong></span> <span class='ocrx_word' id='word_1_312' title='bbox 465 3510 621 3616; x_wconf 86' lang='lat' dir='ltr'><strong>deducitur.</strong></span> <span class='ocrx_word' id='word_1_313' title='bbox 659 3525 722 3584; x_wconf 86' lang='lat' dir='ltr'><strong>Hic</strong></span> <span class='ocrx_word' id='word_1_314' title='bbox 742 3528 897 3604; x_wconf 75' lang='lat' dir='ltr'><strong>presertim</strong></span> <span class='ocrx_word' id='word_1_315' title='bbox 910 3512 1017 3588; x_wconf 84' lang='lat' dir='ltr'><strong>obtinet</strong></span> <span class='ocrx_word' id='word_1_316' title='bbox 1036 3528 1104 3586; x_wconf 87' lang='lat' dir='ltr'><strong>illud</strong></span> <span class='ocrx_word' id='word_1_317' title='bbox 1123 3529 1201 3615; x_wconf 85' lang='lat' dir='ltr'><strong>Jnris</strong></span> <span class='ocrx_word' id='word_1_318' title='bbox 1221 3533 1297 3609; x_wconf 88' lang='lat' dir='ltr'><strong>prin·</strong></span> 
     </span>
     <span class='ocr_line' id='line_1_35' title="bbox 97 3609 1297 3713; baseline 0.001 -24"><span class='ocrx_word' id='word_1_319' title='bbox 97 3628 240 3713; x_wconf 75' lang='lat' dir='ltr'><strong>cipiumr</strong></span> <span class='ocrx_word' id='word_1_320' title='bbox 231 3616 443 3685; x_wconf 75' lang='lat' dir='ltr'><strong>Consuetudo</strong></span> <span class='ocrx_word' id='word_1_321' title='bbox 453 3627 500 3683; x_wconf 84' lang='lat' dir='ltr'><strong>cet</strong></span> <span class='ocrx_word' id='word_1_322' title='bbox 513 3623 625 3711; x_wconf 80' lang='lat' dir='ltr'><strong>optimo</strong></span> <span class='ocrx_word' id='word_1_323' title='bbox 637 3620 738 3700; x_wconf 76' lang='lat' dir='ltr'><strong>legum</strong></span> <span class='ocrx_word' id='word_1_324' title='bbox 745 3622 902 3702; x_wconf 73' lang='lat' dir='ltr'><strong>interpres.</strong></span> <span class='ocrx_word' id='word_1_325' title='bbox 930 3609 1021 3684; x_wconf 87' lang='lat' dir='ltr'><strong>Hinc</strong></span> <span class='ocrx_word' id='word_1_326' title='bbox 1036 3626 1166 3684; x_wconf 86' lang='lat' dir='ltr'><strong>novimus</strong></span> <span class='ocrx_word' id='word_1_327' title='bbox 1184 3629 1297 3689; x_wconf 90' lang='lat' dir='ltr'><strong>manda·</strong></span> 
     </span>
     <span class='ocr_line' id='line_1_36' title="bbox 110 3709 1297 3799; baseline 0.004 -16"><span class='ocrx_word' id='word_1_328' title='bbox 110 3735 171 3785; x_wconf 89' lang='lat' dir='ltr'><strong>tum</strong></span> <span class='ocrx_word' id='word_1_329' title='bbox 192 3723 230 3783; x_wconf 86' lang='lat' dir='ltr'><strong>de</strong></span> <span class='ocrx_word' id='word_1_330' title='bbox 244 3709 376 3784; x_wconf 76' lang='lat' dir='ltr'><strong>lavandis</strong></span> <span class='ocrx_word' id='word_1_331' title='bbox 403 3718 537 3796; x_wconf 82' lang='lat' dir='ltr'><strong>pedibus</strong></span> <span class='ocrx_word' id='word_1_332' title='bbox 547 3737 605 3782; x_wconf 90' lang='lat' dir='ltr'><strong>non</strong></span> <span class='ocrx_word' id='word_1_333' title='bbox 629 3736 701 3776; x_wconf 90' lang='lat' dir='ltr'><strong>esse</strong></span> <span class='ocrx_word' id='word_1_334' title='bbox 717 3718 752 3776; x_wconf 91' lang='lat' dir='ltr'><strong>ad</strong></span> <span class='ocrx_word' id='word_1_335' title='bbox 777 3718 898 3779; x_wconf 85' lang='lat' dir='ltr'><strong>litteram</strong></span> <span class='ocrx_word' id='word_1_336' title='bbox 922 3721 1135 3799; x_wconf 87' lang='lat' dir='ltr'><strong>accipiendum:</strong></span> <span class='ocrx_word' id='word_1_337' title='bbox 1163 3730 1297 3788; x_wconf 86' lang='lat' dir='ltr'><strong>econtra</strong></span> 
     </span>
     <span class='ocr_line' id='line_1_37' title="bbox 112 3816 1177 3966; baseline -0.007 -82"><span class='ocrx_word' id='word_1_338' title='bbox 112 3823 285 3893; x_wconf 73' lang='lat' dir='ltr'><strong>linctionem</strong></span> <span class='ocrx_word' id='word_1_339' title='bbox 300 3818 494 3966; x_wconf 79' lang='lat' dir='ltr'><strong>egrotantium</strong></span> <span class='ocrx_word' id='word_1_340' title='bbox 507 3836 571 3876; x_wconf 86' lang='lat' dir='ltr'><strong>esse</strong></span> <span class='ocrx_word' id='word_1_341' title='bbox 586 3819 736 3937; x_wconf 75' lang='lat' dir='ltr'><strong>perpetue</strong></span> <span class='ocrx_word' id='word_1_342' title='bbox 737 3816 929 3878; x_wconf 69' lang='lat' dir='ltr'><strong>servandam.l</strong></span> <span class='ocrx_word' id='word_1_343' title='bbox 1074 3819 1076 3825; x_wconf 82' lang='grc'><em>’</em></span> <span class='ocrx_word' id='word_1_344' title='bbox 1174 3824 1177 3833; x_wconf 91' lang='grc'><strong>’</strong></span> 
     </span>
    </p>
   </div>
   <div class='ocr_carea' id='block_1_3' title="bbox 69 3968 1355 4592">
    <p class='ocr_par' dir='ltr' id='par_1_5' title="bbox 69 3968 1355 4592">
     <span class='ocr_line' id='line_1_38' title="bbox 69 3968 1297 4080; baseline 0.001 -15"><span class='ocrx_word' id='word_1_345' title='bbox 69 4030 72 4040; x_wconf 83' lang='grc'><strong>’</strong></span> <span class='ocrx_word' id='word_1_346' title='bbox 139 4015 181 4078; x_wconf 88' lang='lat'><strong>(1)</strong></span> <span class='ocrx_word' id='word_1_347' title='bbox 198 3968 392 4076; x_wconf 72' lang='lat' dir='ltr'><strong>Bretschneider,</strong></span> <span class='ocrx_word' id='word_1_348' title='bbox 403 3975 564 4060; x_wconf 75' lang='lat' dir='ltr'><strong>contentum</strong></span> <span class='ocrx_word' id='word_1_349' title='bbox 579 3974 805 4074; x_wconf 81' lang='lat' dir='ltr'><strong>interpretationem</strong></span> <span class='ocrx_word' id='word_1_350' title='bbox 820 4011 1005 4076; x_wconf 73' lang='lat' dir='ltr'><strong>seripturarum,</strong></span> <span class='ocrx_word' id='word_1_351' title='bbox 1016 4012 1100 4080; x_wconf 83' lang='lat' dir='ltr'><strong>sedes¹</strong></span> <span class='ocrx_word' id='word_1_352' title='bbox 1110 4031 1165 4080; x_wconf 75' lang='lat' dir='ltr'><strong>qus</strong></span> <span class='ocrx_word' id='word_1_353' title='bbox 1182 4017 1297 4080; x_wconf 77' lang='lat' dir='ltr'><strong>motinet,</strong></span> 
     </span>
     <span class='ocr_line' id='line_1_39' title="bbox 104 4087 1297 4171; baseline -0.003 -17"><span class='ocrx_word' id='word_1_354' title='bbox 104 4100 224 4154; x_wconf 76' lang='lat' dir='ltr'><strong>,scientie</strong></span> <span class='ocrx_word' id='word_1_355' title='bbox 236 4099 352 4149; x_wconf 70' lang='lat' dir='ltr'><strong>humane</strong></span> <span class='ocrx_word' id='word_1_356' title='bbox 369 4087 606 4171; x_wconf 69' lang='lat' dir='ltr'><strong>subJ‘icit&#39;inddgini&#39;.</strong></span> <span class='ocrx_word' id='word_1_357' title='bbox 620 4088 714 4144; x_wconf 35' lang='lat' dir='ltr'><strong>.&#39;⁴⁸-Der</strong></span> <span class='ocrx_word' id='word_1_358' title='bbox 729 4094 895 4157; x_wconf 81' lang='lat' dir='ltr'><strong>Simonismur</strong></span> <span class='ocrx_word' id='word_1_359' title='bbox 908 4096 958 4147; x_wconf 89' lang='lat' dir='ltr'><strong>und</strong></span> <span class='ocrx_word' id='word_1_360' title='bbox 969 4096 1014 4147; x_wconf 87' lang='lat' dir='ltr'><strong>das</strong></span> <span class='ocrx_word' id='word_1_361' title='bbox 1029 4095 1223 4160; x_wconf 77' lang='lat' dir='ltr'><strong>Christanthum,</strong></span> <span class='ocrx_word' id='word_1_362' title='bbox 1238 4104 1297 4155; x_wconf 80' lang='lat' dir='ltr'><strong>oder</strong></span> 
     </span>
     <span class='ocr_line' id='line_1_40' title="bbox 112 4178 1297 4258; baseline -0.005 -21"><span class='ocrx_word' id='word_1_363' title='bbox 112 4183 295 4237; x_wconf 77' lang='lat' dir='ltr'><strong>beurtboilende</strong></span> <span class='ocrx_word' id='word_1_364' title='bbox 306 4181 472 4246; x_wconf 85' lang='lat' dir='ltr'><strong>Darstellung</strong></span> <span class='ocrx_word' id='word_1_365' title='bbox 488 4179 533 4258; x_wconf 81' lang='grc' dir='ltr'><strong>ιιι,</strong></span> <span class='ocrx_word' id='word_1_366' title='bbox 547 4179 732 4248; x_wconf 83' lang='lat' dir='ltr'><strong>simonistichen</strong></span> <span class='ocrx_word' id='word_1_367' title='bbox 749 4178 871 4245; x_wconf 82' lang='lat' dir='ltr'><strong>Religion,</strong></span> <span class='ocrx_word' id='word_1_368' title='bbox 887 4180 954 4231; x_wconf 78' lang='lat' dir='ltr'><strong>ihrer</strong></span> <span class='ocrx_word' id='word_1_369' title='bbox 970 4181 1129 4234; x_wconf 83' lang='lat' dir='ltr'><strong>rerhaeltniss</strong></span> <span class='ocrx_word' id='word_1_370' title='bbox 1146 4200 1188 4234; x_wconf 84' lang='lat' dir='ltr'><strong>zur</strong></span> <span class='ocrx_word' id='word_1_371' title='bbox 1203 4186 1297 4241; x_wconf 67' lang='lat' dir='ltr'><strong>chent.</strong></span> 
     </span>
     <span class='ocr_line' id='line_1_41' title="bbox 90 4233 1355 4342; baseline 0.002 -21"><span class='ocrx_word' id='word_1_372' title='bbox 90 4330 93 4335; x_wconf 13' lang='grc' dir='ltr'><strong><em>ὁ</em></strong></span> <span class='ocrx_word' id='word_1_373' title='bbox 111 4269 207 4338; x_wconf 85' lang='lat' dir='ltr'><strong>lichen</strong></span> <span class='ocrx_word' id='word_1_374' title='bbox 204 4268 314 4338; x_wconf 88' lang='lat' dir='ltr'><strong>Kircbe,</strong></span> <span class='ocrx_word' id='word_1_375' title='bbox 324 4268 375 4318; x_wconf 91' lang='lat' dir='ltr'><strong>und</strong></span> <span class='ocrx_word' id='word_1_376' title='bbox 386 4266 428 4335; x_wconf 87' lang='lat' dir='ltr'><strong>dor</strong></span> <span class='ocrx_word' id='word_1_377' title='bbox 441 4265 497 4330; x_wconf 85' lang='lat' dir='ltr'><strong>lege</strong></span> <span class='ocrx_word' id='word_1_378' title='bbox 508 4233 555 4314; x_wconf 71' lang='grc' dir='ltr'><strong>ιιι</strong></span> <span class='ocrx_word' id='word_1_379' title='bbox 566 4263 781 4342; x_wconf 83' lang='lat' dir='ltr'><strong>Christenthdms&#39;</strong></span> <span class='ocrx_word' id='word_1_380' title='bbox 775 4279 801 4312; x_wconf 89' lang='lat' dir='ltr'><strong>m</strong></span> <span class='ocrx_word' id='word_1_381' title='bbox 814 4278 913 4315; x_wconf 85' lang='lat' dir='ltr'><strong>uneerer</strong></span> <span class='ocrx_word' id='word_1_382' title='bbox 923 4265 994 4317; x_wconf 80' lang='lat' dir='ltr'><strong>zeit.”</strong></span> <span class='ocrx_word' id='word_1_383' title='bbox 1026 4265 1074 4319; x_wconf 77' lang='lat' dir='ltr'><strong>cit</strong></span> <span class='ocrx_word' id='word_1_384' title='bbox 1085 4267 1134 4318; x_wconf 72' lang='grc' dir='ltr'><strong>ιι.</strong></span> <span class='ocrx_word' id='word_1_385' title='bbox 1145 4269 1176 4318; x_wconf 75' lang='grc' dir='ltr'><strong>Α.</strong></span> <span class='ocrx_word' id='word_1_386' title='bbox 1186 4269 1298 4333; x_wconf 78' lang='grc' dir='ltr'><strong>ιιοιιιιιι</strong></span> <span class='ocrx_word' id='word_1_387' title='bbox 1349 4319 1355 4327; x_wconf 86' lang='grc'><strong>,</strong></span> 
     </span>
     <span class='ocr_line' id='line_1_42' title="bbox 111 4344 868 4420; baseline -0.016 -13"><span class='ocrx_word' id='word_1_388' title='bbox 111 4355 140 4407; x_wconf 87' lang='lat' dir='ltr'><strong>in</strong></span> <span class='ocrx_word' id='word_1_389' title='bbox 152 4353 249 4419; x_wconf 80' lang='lat' dir='ltr'><strong>hergni</strong></span> <span class='ocrx_word' id='word_1_390' title='bbox 259 4353 348 4418; x_wconf 85' lang='lat' dir='ltr'><strong>Opere</strong></span> <span class='ocrx_word' id='word_1_391' title='bbox 358 4349 573 4420; x_wconf 56' lang='lat' dir='ltr'><strong>symbolicam,</strong></span> <span class='ocrx_word' id='word_1_392' title='bbox 584 4344 648 4413; x_wconf 70' lang='lat' dir='ltr'><strong>tte.</strong></span> <span class='ocrx_word' id='word_1_393' title='bbox 866 4390 868 4395; x_wconf 80' lang='grc'>,</span> 
     </span>
     <span class='ocr_line' id='line_1_43' title="bbox 124 4385 1298 4504; baseline -0.009 -12.816"><span class='ocrx_word' id='word_1_394' title='bbox 124 4436 183 4504; x_wconf 70' lang='lat'><strong>(2)</strong></span> <span class='ocrx_word' id='word_1_395' title='bbox 201 4439 239 4489; x_wconf 89' lang='lat' dir='ltr'><strong>De</strong></span> <span class='ocrx_word' id='word_1_396' title='bbox 250 4440 297 4490; x_wconf 87' lang='lat' dir='ltr'><strong>bae</strong></span> <span class='ocrx_word' id='word_1_397' title='bbox 308 4437 370 4486; x_wconf 90' lang='lat' dir='ltr'><strong>mire</strong></span> <span class='ocrx_word' id='word_1_398' title='bbox 381 4434 427 4484; x_wconf 89' lang='lat' dir='ltr'><strong>eibi</strong></span> <span class='ocrx_word' id='word_1_399' title='bbox 438 4433 519 4484; x_wconf 86' lang='lat' dir='ltr'><strong>illudit</strong></span> <span class='ocrx_word' id='word_1_400' title='bbox 532 4432 646 4492; x_wconf 71' lang='grc' dir='ltr'><strong>’(ἱιιιιι,Ι</strong></span> <span class='ocrx_word' id='word_1_401' title='bbox 648 4447 705 4481; x_wconf 90' lang='lat' dir='ltr'><strong>cum</strong></span> <span class='ocrx_word' id='word_1_402' title='bbox 723 4405 817 4484; x_wconf 83' lang='lat' dir='ltr'><strong>Horiiio</strong></span> <span class='ocrx_word' id='word_1_403' title='bbox 834 4435 891 4496; x_wconf 84' lang='grc' dir='ltr'><strong>(ι’</strong></span> <span class='ocrx_word' id='word_1_404' title='bbox 875 4451 900 4485; x_wconf 90' lang='grc' dir='ltr'><strong>ιι.</strong></span> <span class='ocrx_word' id='word_1_405' title='bbox 894 4453 933 4502; x_wconf 87' lang='lat' dir='ltr'><strong>..p</strong></span> <span class='ocrx_word' id='word_1_406' title='bbox 944 4435 969 4494; x_wconf 69' lang='grc' dir='ltr'><strong>ι,</strong></span> <span class='ocrx_word' id='word_1_407' title='bbox 979 4385 1037 4486; x_wconf 77' lang='grc' dir='ltr'><strong>ιιι·</strong></span> <span class='ocrx_word' id='word_1_408' title='bbox 1030 4425 1065 4485; x_wconf 88' lang='grc' dir='ltr'><strong>ιιι.</strong></span> <span class='ocrx_word' id='word_1_409' title='bbox 1076 4434 1130 4498; x_wconf 57' lang='grc'><strong>98)</strong></span> <span class='ocrx_word' id='word_1_410' title='bbox 1147 4435 1230 4500; x_wconf 76' lang='lat' dir='ltr'><strong>hanc</strong></span> <span class='ocrx_word' id='word_1_411' title='bbox 1223 4447 1298 4493; x_wconf 52' lang='lat' dir='ltr'><strong>mter.</strong></span> 
     </span>
     <span class='ocr_line' id='line_1_44' title="bbox 90 4508 1302 4592; baseline -0.011 -14"><span class='ocrx_word' id='word_1_412' title='bbox 90 4523 94 4535; x_wconf 88' lang='grc'><strong>’</strong></span> <span class='ocrx_word' id='word_1_413' title='bbox 111 4525 226 4592; x_wconf 71' lang='lat' dir='ltr'><strong>pretendi</strong></span> <span class='ocrx_word' id='word_1_414' title='bbox 242 4512 354 4588; x_wconf 81' lang='lat' dir='ltr'><strong>reguiam</strong></span> <span class='ocrx_word' id='word_1_415' title='bbox 370 4533 416 4576; x_wconf 83' lang='lat' dir='ltr'><strong>sun</strong></span> <span class='ocrx_word' id='word_1_416' title='bbox 427 4518 528 4569; x_wconf 85' lang='lat' dir='ltr'><strong>arbitrio</strong></span> <span class='ocrx_word' id='word_1_417' title='bbox 537 4515 695 4591; x_wconf 68' lang='lat' dir='ltr'><strong>mnfiugeus·</strong></span> <span class='ocrx_word' id='word_1_418' title='bbox 715 4515 780 4569; x_wconf 70' lang='lat' dir='ltr'><strong>“No</strong></span> <span class='ocrx_word' id='word_1_419' title='bbox 790 4508 900 4570; x_wconf 85' lang='lat' dir='ltr'><strong>doctrine</strong></span> <span class='ocrx_word' id='word_1_420' title='bbox 909 4528 958 4570; x_wconf 81' lang='lat' dir='ltr'><strong>eea</strong></span> <span class='ocrx_word' id='word_1_421' title='bbox 969 4519 1057 4584; x_wconf 77' lang='lat' dir='ltr'><strong>belong</strong></span> <span class='ocrx_word' id='word_1_422' title='bbox 1067 4525 1092 4570; x_wconf 88' lang='lat' dir='ltr'><strong>to</strong></span> <span class='ocrx_word' id='word_1_423' title='bbox 1101 4519 1144 4570; x_wconf 79' lang='grc' dir='ltr'><strong>ιιι</strong></span> <span class='ocrx_word' id='word_1_424' title='bbox 1154 4521 1260 4591; x_wconf 61' lang='lat' dir='ltr'><strong>nante„</strong></span> <span class='ocrx_word' id='word_1_425' title='bbox 1271 4527 1302 4578; x_wconf 67' lang='lat' dir='ltr'><strong>of</strong></span> 
     </span>
    </p>
   </div>
   <div class='ocr_carea' id='block_1_4' title="bbox 8 4600 1297 4689">
    <p class='ocr_par' dir='ltr' id='par_1_6' title="bbox 8 4600 1297 4689">
     <span class='ocr_line' id='line_1_45' title="bbox 8 4600 1297 4689; baseline -0.015 -22"><span class='ocrx_word' id='word_1_426' title='bbox 8 4624 14 4677; x_wconf 67' lang='lat'><strong>,¹</strong></span> <span class='ocrx_word' id='word_1_427' title='bbox 111 4613 184 4674; x_wconf 74' lang='lat' dir='ltr'><strong>tiitlr,</strong></span> <span class='ocrx_word' id='word_1_428' title='bbox 196 4609 299 4671; x_wconf 75' lang='lat' dir='ltr'><strong>ulrich</strong></span> <span class='ocrx_word' id='word_1_429' title='bbox 291 4625 314 4660; x_wconf 83' lang='grc' dir='ltr'><strong>ιι</strong></span> <span class='ocrx_word' id='word_1_430' title='bbox 329 4603 434 4658; x_wconf 62' lang='lat' dir='ltr'><strong>maest</strong></span> <span class='ocrx_word' id='word_1_431' title='bbox 448 4619 483 4654; x_wconf 84' lang='lat' dir='ltr'><strong>eu</strong></span> <span class='ocrx_word' id='word_1_432' title='bbox 501 4619 517 4655; x_wconf 87' lang='grc' dir='ltr'><strong>ι</strong></span> <span class='ocrx_word' id='word_1_433' title='bbox 532 4601 612 4670; x_wconf 67' lang='lat' dir='ltr'><strong>anab</strong></span> <span class='ocrx_word' id='word_1_434' title='bbox 627 4608 692 4668; x_wconf 70' lang='lat' dir='ltr'><strong>teat,</strong></span> <span class='ocrx_word' id='word_1_435' title='bbox 708 4600 746 4654; x_wconf 77' lang='lat' dir='ltr'><strong>t&#39;or</strong></span> <span class='ocrx_word' id='word_1_436' title='bbox 762 4584 1098 4689; x_wconf 57' lang='lat' dir='ltr'><strong>metymnuufprinsipts</strong></span> <span class='ocrx_word' id='word_1_437' title='bbox 1111 4604 1283 4676; x_wconf 51' lang='lat' dir='ltr'><strong>osmugi„</strong></span> <span class='ocrx_word' id='word_1_438' title='bbox 1275 4626 1297 4663; x_wconf 58' lang='grc' dir='ltr'><strong>ι,</strong></span> 
     </span>
    </p>
   </div>
   <div class='ocr_carea' id='block_1_5' title="bbox 0 0 1388 5032">
    <p class='ocr_par' dir='ltr' id='par_1_7' title="bbox 0 0 1388 5032">
     <span class='ocr_line' id='line_1_46' title="bbox 0 0 1388 5032; baseline 0 0"><span class='ocrx_word' id='word_1_439' title='bbox 0 0 1388 5032; x_wconf 95' lang='lat' dir='ltr'><strong> </strong></span> 
     </span>
    </p>
   </div>
  </div>
 </body>
</html>
