2738 5032
342 255 398 317 DE
413 255 776 319 sposr'oulclrt‘ru
796 257 1025 321 ECCLESIAE.
1211 261 1272 325 Μ

94 417 152 468 tem
178 423 298 490 recepte
318 413 386 485 fidei
401 413 595 475 adversantem
615 416 674 503 hac¹
682 417 787 476 ratione
804 416 988 491 damnandam
1003 427 1182 486 censuerunt,
1197 413 1273 491 quod

94 510 204 571 scilicet
217 516 306 574 semel
326 516 430 574 sanctis
445 518 543 576 tradita
562 517 644 585 fides,
658 518 693 575 ab
706 517 1006 603 Ecclesiisxoommuni
1025 518 1110 577 veluti
1131 533 1272 576 consensu

94 610 189 684 agnita
216 623 244 669 et
270 612 428 689 praedicata,
454 615 627 692 Apostolicae
651 613 783 673 doctrine
811 616 999 675 certissimum
1025 616 1097 674 soret
1123 613 1269 673 indicium.

96 704 176 765 Hinc
198 708 290 766 aiebat
310 709 524 787 Hieronymus:
557 710 724 784 “Quisquis
747 721 868 771 assertor
888 730 920 770 es
939 729 1077 771 uovorum
1096 710 1270 789 dogmatum,

94 822 192 877 queso
206 815 243 873 te,
255 815 286 864 ut
299 825 398 883 parcae
413 807 550 866 Romanis
565 807 688 877 auribus,
703 826 801 885 parcas
811 808 882 868 fidei
895 827 958 882 ques
972 807 1138 890 Apostolico
1151 825 1199 866 ore
1212 806 1271 865 lau·

92 896 154 956 data
176 901 237 958 estl
279 900 340 960 Cur
363 912 428 979 post
452 900 670 980 quadringentos
692 921 781 962 annos
795 902 896 963 docere
918 922 971 962 nos
985 903 1083 962 niteris
1104 900 1181 976 quod
1201 910 1266 959 ante

93 997 288 1057 nescivimust
319 999 418 1073 Usque
435 1001 464 1059 in
485 1000 558 1060 hanc
571 999 647 1060 diem
667 1001 728 1061 sine
745 1002 799 1060 ista
811 1001 937 1061 doctrina
955 1000 1077 1079 mundus
1092 998 1270 1058 Christianus

95 1093 196 1153 luit.”¹
235 1095 301 1154 Jam
322 1099 390 1183 vero
410 1100 464 1157 etsi
484 1097 545 1174 sola¹
563 1099 868 1178 supersit,Apostolica
885 1099 964 1159 Petri
983 1096 1133 1165 Cathcdra,
1147 1095 1271 1154 testim·

93 1193 173 1265 nium
186 1193 263 1268 quod
276 1193 311 1252 de
325 1194 527 1272 Apostolorum
539 1193 664 1255 doctrina
674 1196 803 1277 perhibet
811 1216 869 1257 non
883 1208 927 1257 est
939 1196 1104 1275 solitarium,
1119 1193 1272 1253 concinunt

92 1289 169 1347 enirn
190 1309 242 1367 per
263 1290 360 1349 orbem
382 1301 521 1366 quotquot
540 1292 567 1350 ei
587 1294 787 1353 communione
806 1294 1015 1371 conjunguntur
1034 1290 1184 1358 necleta,
1205 1306 1271 1362 quae

92 1396 267 1447 constantem
288 1389 428 1466 majorum
441 1389 619 1449 traditionem
632 1400 662 1449 et
680 1382 766 1455 iidem
779 1389 815 1450 de
834 1390 1010 1470 dogmatibus
1025 1386 1196 1448 Christianis
1216 1395 1271 1444 tes-

93 1493 192 1549 tantur.
231 1533 234 1542 .

131 1581 199 1661 ooj.
214 1589 244 1642 2.
266 1583 431 1660 Apostolica
444 1582 570 1657 doctrina
583 1573 739 1645 certissime
753 1605 790 1645 ex
809 1586 922 1663 scriptis
935 1584 1138 1665 Apostolorum
1156 1581 1271 1662 dignos·

95 1679 172 1740 citur.

125 1775 215 1857 Resp.
237 1779 348 1859 Scripta
360 1780 411 1844 illa
430 1782 582 1859 genmmm
596 1792 673 1842 certo
690 1780 800 1840 tradunt
812 1779 968 1841 doctrinam
981 1781 1184 1859 Apostolicaur,
1199 1779 1269 1853 quin

93 1888 150 1933 tam
172 1884 258 1935 totam
278 1878 491 1954 amplectantur,
505 1879 552 1936 vel
570 1879 611 1936 ita
628 1876 736 1936 undant
751 1888 782 1936 ut
797 1877 870 1936 nulli
890 1878 927 1938 sit
946 1877 1119 1954 ambiguitati
1137 1876 1268 1935 obnoxia.

92 1969 184 2031 Nemo
199 1992 236 2031 ex
250 1975 395 2051 Apostolis
415 1976 469 2035 sibi
488 1978 672 2055 proposuisse
692 1977 817 2036 noscitur
835 1995 936 2034 ornnes
957 1975 1085 2033 veritates
1105 1973 1272 2032 christianas

90 2082 145 2126 uno
160 2069 311 2146 complecti
325 2070 490 2129 volumine:
512 2091 565 2130 nec
578 2073 607 2130 id
627 2073 740 2131 consilii
752 2091 878 2147 unquam
892 2072 1013 2150 epilogio
1027 2071 1083 2149 ipsi
1104 2069 1270 2171 Apostollcc

88 2166 224 2221 occurrit.
244 2164 263 2223 J
265 2184 340 2231 ussts
353 2166 463 2224 Christi
472 2168 663 2240 obsequentes
677 2169 863 2244 praedicarunt
872 2169 1026 2229 doctrinam
1037 2187 1122 2242 quam
1133 2186 1170 2225 ex
1181 2166 1272 2244 ipsius

85 2279 137 2321 ore
152 2273 333 2340 exceperant,
344 2283 468 2351 eamque
482 2265 624 2325 mentibus
638 2265 765 2324 fidelium
778 2265 866 2342 digito
880 2267 937 2325 Dei
956 2269 1120 2344 inscriptam
1134 2265 1202 2325 satis
1222 2263 1271 2322 ha·
1277 2262 1279 2269 ’

89 2359 224 2435 bucmnt:
247 2362 320 2421 sed
311 2383 340 2423 ιιι
355 2348 526 2441 specialibus
540 2383 633 2425 rerum
648 2364 787 2442 adjunctis
801 2365 895 2439 aliqua
908 2375 1067 2435 exararunt,
1083 2364 1180 2423 divino
1194 2373 1269 2422 certe

91 2467 168 2528 nuth,
184 2478 248 2533 quer
263 2479 375 2519 summa
388 2470 455 2519 sunt
467 2461 627 2520 reverentia
634 2460 811 2555 excipienda.
853 2462 902 2520 Sic
924 2445 1075 2521 Mattheus
1090 2469 1122 2519 ut
1134 2460 1272 2519 Christia-

92 2556 133 2621 nis
149 2556 292 2615 indendam
305 2558 482 2617 versantibus
497 2558 709 2636 gratificaretur,
723 2577 768 2617 res
782 2548 876 2636 gestas
891 2559 1000 2618 Christi
1013 2559 1124 2618 retulit:
1145 2557 1271 2617 Joannes

90 2653 121 2711 ad
133 2655 265 2714 haeresim
279 2666 441 2714 nascentem
455 2655 708 2732 comprimendam,
724 2656 804 2733 plura
817 2656 852 2714 ad
873 2655 981 2721 Christi
995 2656 1120 2714 divinam
1142 2667 1269 2713 naturam

91 2750 340 2813 commendandam
362 2771 415 2832 suo
435 2753 602 2829 complexus
620 2763 664 2810 ost
683 2752 851 2828 Evangelio,
865 2762 895 2808 et
915 2770 977 2824 qum
998 2752 1081 2807 sibi
1073 2769 1103 2807 ιιι
1120 2750 1183 2808 visu
1203 2760 1271 2808 sunt

89 2859 200 2906 ostensa
213 2849 390 2938 Apocalypsi
404 2847 563 2925 descripsit,
576 2848 677 2909 litteris
691 2846 848 2905 dulcedinis
859 2857 891 2907 et
903 2846 1062 2905 dilectionis
1077 2828 1169 2922 plenis
1183 2846 1268 2904 etiam

87 2945 217 3034 exemtis.
258 2945 371 3012 Petrus,
387 2963 439 3020 pro
456 2962 507 3001 sua
526 2941 673 3019 dignitate,
688 2941 758 3016 duas
779 2942 948 3018 conscripsit
969 2940 1123 3018 epistolas:
1144 2939 1269 3015 lacobus

86 3057 185 3121 unam:
207 3040 296 3099 Judas
311 3041 435 3098 alteram.
469 3038 582 3115 Ceteri
596 3037 812 3115 Apostolinihil
832 3038 915 3116 uobis
929 3038 1065 3115 scriptum
1082 3037 1267 3112 reliquerunt,

80 3135 186 3206 faulo,
201 3138 250 3210 qni
265 3137 372 3196 caelitus
387 3135 466 3194 adid
480 3135 605 3194 muneris
618 3145 682 3211 post
704 3123 813 3192 Christi
827 3153 977 3193 ascensum
991 3144 1106 3194 vocatus
1120 3145 1173 3203 eet,
1189 3132 1271 3211 plura

82 3230 137 3311 p'io
151 3236 299 3293 occasione
314 3228 396 3293 enata
409 3232 573 3292 disserente.
599 3232 698 3292 Romae
711 3231 838 3307 quaedam
854 3233 1048 3291 contentiones
1063 3215 1098 3290 dc
1112 3227 1268 3289 vocationis

81 3331 121 3389 ad
141 3332 226 3392 fidem
246 3332 359 3390 causis:
382 3330 514 3389 Corinthi
533 3330 567 3388 de
596 3329 742 3389 doctorum
763 3331 942 3419 praestantia:
966 3329 1083 3387 Galatiae
1107 3326 1143 3385 de
1169 3324 1270 3383 ritibus

84 3429 212 3488 Iudaicis
199 3431 365 3507 ,pluribus
388 3429 470 3487 Pauli
487 3416 615 3505 epistolis
637 3426 738 3485 dedere
757 3428 948 3486 occasionem.
990 3424 1130 3501 Mancipii
1144 3423 1220 3499 suga,
1239 3414 1281 3479 et'-

83 3528 234 3611 conversio
248 3526 320 3585 suit
312 3545 342 3584 ιιι
356 3545 441 3589 cause
454 3534 485 3582 ut
497 3524 532 3582 ad
547 3523 747 3582 Philemonem
760 3525 911 3606 scriberet:
934 3541 1013 3582 mora
1026 3539 1112 3594 quam
1124 3520 1153 3577 in
1168 3518 1269 3578 itihcrc

83 3621 125 3685 ad
140 3614 326 3682 Timotheum
347 3604 528 3700 suscipiendo
545 3631 684 3697 expertus
699 3630 752 3688 est,
771 3620 874 3697 prioris
891 3620 1020 3696 epistolae
1040 3615 1195 3675 scribendae
1217 3616 1269 3676 luit

81 3723 207 3790 occasio,
223 3733 254 3779 ut
267 3741 292 3779 sr
283 3720 434 3790 tardaret,
444 3719 529 3778 sciret
541 3718 589 3776 illc
605 3716 748 3791 quomodo
762 3736 797 3774 se
808 3718 838 3775 in
852 3717 908 3775 Dei
927 3716 1060 3774 Ecclesia
1073 3734 1171 3792 gerere
1184 3717 1269 3774 debe·

82 3829 134 3878 ret.
176 3820 263 3878 Brevi
282 3818 375 3879 dicam
394 3817 499 3877 nullam
522 3816 682 3893 epistolam,
697 3816 742 3898 vel
761 3815 874 3883 librum,
890 3814 1060 3873 eo-coneilio
1077 3814 1215 3891 scriptum
1237 3824 1268 3872 ut

83 3925 141 3974 tote
154 3914 308 3973 traderetur
321 3913 448 3976 doctrine
460 3912 635 3977 Christiana.
677 3912 817 3973 Praeterea
839 3929 927 3984 quum
948 3910 1117 3986 scriptorum
1140 3911 1267 3988 ipsorum

51 4048 58 4058 ·
83 4030 186 4071 sensus
204 4010 337 4090 plurimis
353 4011 383 4068 in
401 4002 637 4087 locis'ambiguus
652 4009 697 4067 vel
718 4009 855 4068 obscurus
875 4026 939 4066 csse
960 4007 1060 4084 possit,
1075 4009 1189 4067 mutatis
1205 4008 1267 4085 jam

82 4129 176 4173 rerum
188 4110 338 4187 adjunctis,
349 4109 413 4185 jure
424 4108 533 4184 optimo
544 4108 642 4166 Patres
653 4125 834 4167 communem
844 4107 1037 4164 Ecclesianrm
1047 4105 1132 4165 iidem
1144 4105 1256 4183 appella

82 4219 194 4276 verunt,
205 4217 349 4281 tamquam
360 4205 474 4263 obvium
485 4224 517 4262 ac
528 4205 717 4262 certissimum
731 4203 901 4281 Apostolicm
915 4202 1048 4262 doctrine
1062 4202 1265 4272 testimonium,

76 4322 136 4368 mec
150 4304 226 4374 enim
240 4304 320 4366 licuit
333 4293 473 4381 suspicari
484 4319 520 4358 ea
533 4318 596 4373 qus
607 4308 682 4386 tanta
695 4299 839 4376 diligentia
853 4298 984 4376 Apostoli
998 4298 1175 4365 tradiderant,
1190 4315 1266 4373 quea

441 4549 477 4611 (l)
495 4548 536 4598 Ad
547 4547 689 4598 Pammaclr.
701 4553 726 4596 et
736 4546 828 4597 Oneon.
