2738 5032
367 280 423 343 ms
444 278 751 343 aucromr'sms
772 277 993 379 ΜΕΤΗΟᾨΟ.
1210 277 1269 333 439

108 458 222 499 umens:
233 450 334 499 neuter
343 440 431 508 euim,
441 440 524 517 juxta
534 439 704 516 principium
717 438 964 505 protestantium,
975 446 1069 515 potest
1078 436 1107 495 id
1119 435 1268 504 affirmare,

86 537 143 597 nisi
156 546 295 611 quatenus
310 536 338 595 id
352 538 406 597 sibi
420 547 486 615 post
499 554 619 595 examen
629 536 722 594 visum
735 534 829 593 merit

125 632 205 693 Idem
218 634 371 693 dicendum
385 634 421 693 de
435 635 567 693 omnibus
582 633 631 706 qui
644 633 741 709 legere
751 632 892 699 nesciunt,
906 650 1025 707 quornm
1041 633 1179 709 plurimis,
1191 652 1269 709 man·

87 730 172 806 cipiis
180 730 290 790 scilicet
297 732 328 789 in
341 730 484 790 nonnullis
501 729 634 789 masmar
643 728 795 787 litterarum
808 728 914 786 tradere
923 729 1089 796 mdimenta,
1101 730 1269 807 legendique

86 824 276 905 disciplinam,
291 828 355 905 legs
368 828 540 904 prohibetur.
582 824 712 883 illenim
728 834 873 898 nequeunt
884 824 998 883 credere
1011 824 1040 883 vi
1054 828 1203 895 examinis,
1218 827 1269 885 sed

85 922 210 999 pendere
224 923 327 982 debent
340 944 375 982 ex
391 922 593 989 ore'docentis,
609 922 657 995 qui
672 922 697 978 si
717 922 847 995 loquatur
867 940 903 978 ex
923 941 975 978 sua
995 932 1101 981 tantum
1122 926 1270 994 sententia,

86 1019 195 1078 nussum
210 1022 316 1097 prabet
328 1018 541 1078 fundamentum
556 1018 625 1077 certi
638 1034 782 1084 assensus,
793 1017 966 1093 Scripseram
977 1019 1064 1085 enirn,
1076 1038 1160 1092 quam
1175 1021 1271 1079 forsan

84 1114 197 1192 alleget,
211 1134 329 1175 sensum
342 1134 428 1189 quem
441 1116 537 1173 tribuit
549 1113 621 1171 ferre
636 1112 776 1170 auditores
791 1111 868 1171 certd
883 1132 968 1171 nosse
983 1127 1138 1187 nequeunt.

125 1212 152 1271 Ε
167 1222 265 1273 cestha
276 1213 430 1273 litterarum
440 1210 524 1271 rudes
536 1212 706 1270 auctoritatis
717 1210 850 1269 methodo
860 1224 936 1269 certo
948 1223 976 1271 et
986 1211 1067 1271 facile
1078 1214 1268 1273 instruontur:

85 1329 152 1369 nsm
166 1309 284 1369 audiunt
297 1329 457 1386 preconem
471 1327 507 1367 ex
528 1309 643 1367 nomine
664 1308 802 1366 Ecclesia
824 1308 998 1381 loquentem,
1013 1321 1041 1367 et
1061 1330 1096 1367 ea
1116 1311 1271 1371 tradentem

87 1425 151 1480 que
164 1417 193 1465 et
205 1406 263 1485 ipsi
275 1426 315 1465 ex
337 1406 456 1467 aliorum
478 1407 640 1465 testimonio
662 1407 730 1463 alias
756 1405 824 1463 tradi
848 1416 876 1463 et
897 1408 1001 1464 servari
1025 1419 1137 1477 norunt,
1151 1422 1271 1483 qnaeque

90 1504 167 1563 cultu
180 1502 434 1563 celebrarirident.
478 1504 533 1562 Est
545 1503 630 1579 igitur
643 1503 699 1559 illis
715 1503 871 1579 propositio
893 1504 1015 1561 veritatis
1038 1505 1193 1573 sufficiens,
1209 1527 1273 1564 auc·

88 1602 197 1660 toritate
211 1600 314 1661 idonea
327 1600 532 1667 commendata,
547 1612 680 1658 eteorum
695 1599 784 1658 indoli
797 1609 826 1657 et
839 1600 994 1661 conditioni
1007 1604 1228 1662 accommodata.

128 1698 189 1774 lpsi
201 1697 359 1757 doctissimi
373 1697 515 1765 homines,
530 1697 645 1773 ingenio
659 1696 794 1763 valentes,
810 1716 868 1755 non
889 1710 1009 1773 possunt
1023 1700 1108 1758 fidem
1123 1706 1273 1777 concipere

86 1795 229 1853 examinis
244 1795 307 1852 via:
323 1812 508 1867 quaecumquc
523 1794 598 1851 enim
614 1792 669 1850 illis
685 1790 831 1851 videantur
851 1795 1059 1871 Scripturarum
1080 1798 1273 1873 inspirationis

87 1892 202 1961 indicia,
216 1910 404 1966 quaecumque
417 1892 580 1969 dogmatum
601 1891 776 1968 singulorum
790 1891 969 1962 documenta,
984 1894 1087 1952 debent
1100 1896 1206 1955 haerere
1223 1898 1274 1955 du·

87 1990 138 2059 bii,
151 1991 189 2049 ob
202 1988 348 2047 discordes
361 1990 480 2047 aliorum
496 1989 619 2046 virorum
633 1986 873 2055 doctissimorum,
890 1989 938 2061 qui
952 1989 1073 2067 diligens
1095 1992 1274 2052 instituerunt

86 2104 220 2155 namen,
233 2086 398 2146 sententias.
439 2085 573 2161 Opinatio
589 2085 682 2161 potius
697 2102 781 2157 quam
796 2085 868 2143 fides
888 2103 925 2142 ex
945 2089 1077 2145 examine
1092 2108 1286 2162 quocumque·

85 2183 203 2252 cristan,
218 2201 336 2242 necesse
351 2194 404 2250 cst,
419 2182 474 2240 nisi
489 2182 637 2241 auctoritas
652 2181 764 2239 tandem
775 2170 952 2259 agnoscatur.

128 2280 429 2345 reconsecratores
444 2290 550 2336 certum
566 2289 702 2336 monstrat
716 2279 768 2336 iter
782 2280 848 2336 viris
861 2279 960 2349 doctis,
971 2282 1021 2354 qui
1031 2285 1121 2341 semel
1131 2285 1187 2343 fide
1198 2286 1275 2344 illus·

89 2376 166 2444 trati,
178 2396 233 2450 quo
247 2380 338 2456 magis
352 2378 460 2455 pollent
473 2376 631 2435 eruditione
645 2387 673 2434 ct
686 2377 811 2454 ingenio,
827 2390 991 2455 argumenta
1002 2381 1104 2453 quibus
1118 2383 1275 2442 vindicatur

88 2472 232 2543 Ecclesia,
243 2476 346 2535 clarius
361 2474 531 2552 percipiunt.

126 2570 279 2631 Examinis
292 2571 443 2631 methodus
465 2560 727 2631 nolimnveniebar
749 2573 892 2647 plerisque
917 2576 1048 2649 gentibus
1072 2578 1274 2653 Apostolorum

87 2667 264 2743 temporibus
278 2676 306 2723 et
318 2666 430 2724 saeculis
444 2665 510 2725 inde
524 2666 640 2733 secutis,
657 2667 812 2742 praesertim
828 2685 917 2740 usque
932 2669 967 2725 ad
981 2674 1193 2749 typographicae
1208 2677 1275 2733 artis

86 2762 301 2822 inventionem:
315 2781 383 2821 nam
395 2762 495 2821 littera
510 2761 653 2837 plerisque
665 2760 740 2820 haud
754 2763 944 2832 innotuerunt,
960 2766 1005 2823 vel
1019 2767 1094 2843 apud
1109 2788 1214 2845 paucos
1225 2773 1275 2831 flo-

87 2870 213 2919 ruerunt.
254 2858 379 2918 Codices
393 2859 443 2917 vix
456 2858 552 2917 haberi
572 2868 710 2934 poterant,
725 2878 829 2936 magno
854 2880 920 2918 cum
943 2860 1038 2921 labore
1060 2868 1273 2937 transcribendi,

88 2959 134 3016 vel
148 2976 251 3035 magno
265 2956 379 3016 emendi
393 2957 493 3033 pretio.
534 2956 624 3035 igitur
637 2958 712 3015 lente
726 2957 877 3015 admodum
890 2977 1040 3037 progressa
1050 2963 1150 3022 suisset
1165 2966 1274 3026 Christi

87 3055 170 3124 fides,
185 3075 220 3112 ea
233 3055 357 3135 adhibita
370 3054 513 3113 methodo.

129 3155 288 3213 Auctoritas
307 3155 391 3211 etiam
416 3153 577 3212 necessario
598 3153 749 3226 requiritur
773 3154 807 3211 ad
833 3155 991 3243 Scripturas
1017 3161 1170 3230 testandas,
1186 3183 1273 3235 quum

90 3251 168 3309 enim
188 3251 304 3309 nonnisi
317 3250 347 3307 in
360 3250 465 3326 linguis
480 3250 636 3308 vernaculis
651 3249 794 3326 plerisque
816 3251 980 3311 hominibus
1005 3257 1133 3315 exhiberi
1152 3262 1274 3335 possint,

88 3347 173 3406 debet
186 3347 343 3405 certissime
357 3356 486 3405 constare
500 3347 616 3404 verbum
631 3346 687 3405 Dei
701 3347 736 3404 iis
755 3347 875 3408 fideliter
898 3357 1102 3426 representari,
1118 3358 1194 3428 quod
1208 3379 1275 3417 con·

88 3457 163 3503 stare
176 3446 275 3518 nequit
287 3444 431 3522 plerisque
444 3445 595 3512 examinet
610 3443 685 3503 docti
699 3446 777 3505 enim
790 3447 922 3505 homines
937 3448 972 3507 de
992 3469 1093 3511 vocum
1108 3455 1135 3511 vi
1150 3458 1273 3517 mraxime

79 3527 269 3609 ¹dissentiunt,
284 3540 412 3618 plerique
426 3540 545 3601 aliorum
559 3542 705 3599 versiones
718 3550 826 3600 textum
850 3543 885 3601 ad
909 3542 1033 3605 alienum
1053 3567 1170 3609 sensum
1184 3552 1274 3613 detor-

90 3658 176 3723 quere
191 3642 369 3713 ιιιιειιιιιιιιι,1
382 3639 442 3699 imo
461 3638 623 3698 testimonia
635 3638 729 3713 aliqua
749 3658 812 3712 quse
834 3640 868 3698 ad
892 3660 1032 3702 summam
1055 3646 1122 3704 fidei
1146 3664 1275 3725 spectant

88 3757 153 3796 esse
167 3737 299 3795 intrusa.¹
337 3736 423 3795 Falso
437 3734 538 3793 dicitur
551 3754 652 3795 omnes
667 3736 812 3795 versiones
822 3737 851 3796 in
866 3740 1023 3798 substantia
1035 3747 1198 3816 conuenire,
1208 3770 1274 3809 nam

91 3835 220 3908 quamvis
240 3833 269 3892 id
284 3833 319 3891 de
333 3835 417 3893 rebus
431 3833 518 3910 gestis
532 3832 624 3911 possit
636 3832 813 3906 aliquatenus
826 3835 968 3905 affirmari,
982 3857 1041 3897 non
1055 3841 1094 3899 ita
1107 3842 1141 3900 de
1156 3849 1273 3905 vocibus

88 3951 127 3991 ex
141 3933 242 4005 quibus
256 3930 388 4009 dogmata
400 3929 533 4008 pendent,
547 3948 614 4004 qure
626 3931 668 3989 rei
681 3950 822 3991 summam
836 3934 1019 4004 constituunt,
1035 3940 1148 4012 quando
1167 3942 1202 4001 dc
1216 3944 1272 4003 lide

87 4029 188 4107 agitur.

127 4124 201 4185 lllud
214 4126 299 4183 stiam
319 4124 518 4201 machelmum
539 4123 752 4185 incommodum
766 4144 806 4185 ex-
824 4128 964 4186 eraminis
984 4131 1119 4191 methodo
1133 4137 1270 4207 sequitur,

88 4223 165 4298 quod
191 4224 286 4281 omnia
311 4223 378 4280 fidei
402 4222 620 4301 dogmataque
643 4223 812 4283 saeculorum
834 4226 1021 4285 consensione
1045 4239 1111 4289 sunt
1124 4233 1270 4304 celebrata,

88 4321 261 4381 doctissimis
275 4331 303 4378 ct
316 4321 453 4398 piissimis
467 4319 631 4379 hominibus
644 4338 680 4377 ea
691 4319 827 4379 divinitus
841 4323 963 4381 revelata
973 4330 1200 4403 agnoscentibus,
1214 4334 1272 4392 sin·

89 4421 163 4498 gulis
172 4420 201 4478 in
214 4418 274 4477 dies
283 4418 388 4475 incerta
400 4414 530 4475 habenda
538 4416 605 4483 sint,
615 4414 707 4474 donec
717 4416 774 4493 ipsi
785 4418 916 4475 examine
926 4420 1053 4482 instituto
1064 4424 1271 4503 Scripturarum

283 4594 319 4655 (1)
330 4592 393 4643 vles
404 4592 580 4643 Dissertations
596 4608 619 4641 x.
630 4592 665 4642 ri.
673 4590 717 4641 xii.
728 4592 759 4657 hp
769 4592 866 4658 Georgo
875 4595 1009 4661 Campbsll.

291 4676 330 4746 (2)
350 4676 501 4737 Aotrn28,
510 4681 560 4739 &s-
571 4673 585 4723 l
595 4675 663 4725 Tim.
672 4675 707 4725 iii.
718 4676 755 4725 le.
771 4681 831 4739 >rap
841 4677 855 4727 1
865 4679 937 4733 Josu.
947 4694 969 4728 v.
980 4680 1003 4730 7.
