2768 5032
90 236 149 293 84⁰
473 234 529 295 DE
552 234 691 295 VERBO
713 231 901 295 scultro,

92 401 122 451 et
130 394 219 454 animi
229 394 399 453 anxietatem
410 392 548 470 produnt:
570 392 700 467 adquam
710 390 857 451 levandam
866 388 993 469 supremi
1003 388 1151 449 tribunalis
1159 386 1290 467 judicio,

91 488 198 563 quode
212 508 297 547 seusu
312 490 436 566 genmno
451 489 659 565 scripturarum
673 498 791 555 constet,
807 488 931 545 maxime
945 505 1018 563 opus
1033 496 1087 543 est.

135 584 202 664 ooj.
217 589 248 643 9.
269 586 400 643 Lucerna
412 586 519 658 luxque
532 587 647 643 verbum
663 585 718 642 Dei
732 584 843 651 dicitur,
858 583 935 658 quod
946 583 1011 641 ideo
1024 582 1147 641 illustrat
1159 589 1287 646 mentes,

91 678 157 739 Deo
171 682 288 739 interius
302 682 436 739 illucente
450 681 548 739 cordi:
570 682 619 755 qui
634 682 795 739 Ecclesiam
810 682 991 758 interpretem
1006 678 1093 749 addit,
1110 678 1183 737 solis
1194 677 1289 753 sulgo-

92 796 153 836 rcm
168 796 271 855 augere
285 777 391 837 studet.

131 873 221 952 Reap.
243 875 371 933 Verbum
391 873 447 933 Dei
468 875 518 933 lux
540 884 585 934 est
606 874 722 943 mentis,
736 874 787 932 sed
811 892 885 953 opus
906 884 950 933 est
973 882 1005 932 ut
1031 872 1174 951 aperiatur
1200 869 1286 927 nobis

92 990 195 1030 sensus
208 982 241 1029 ut
253 972 323 1031 illud
337 972 547 1050 intelligamus:
562 992 616 1031 nec
627 974 704 1031 euim
720 972 884 1033 necessario
897 973 1022 1045 quisque
1036 968 1200 1049 splendoris
1210 967 1287 1025 illius

94 1069 129 1126 iit
141 1069 295 1145 particeps.
336 1068 417 1127 Deus
439 1088 490 1127 cor
511 1069 632 1127 illustrat
652 1069 749 1146 gratia,
764 1066 816 1125 sed
830 1067 989 1126 ministerio
1003 1076 1122 1125 externo
1143 1064 1232 1123 utitur
1251 1061 1287 1121 ad

97 1164 306 1242 Scripturarum
328 1167 480 1243 genuinam
501 1167 736 1243 significationem
751 1165 1025 1224 communicandam.
1067 1162 1118 1223 ste
1130 1160 1286 1229 Eunucho.

93 1263 249 1338 piautique
265 1264 351 1321 animi
373 1263 468 1320 indole
488 1264 594 1340 legenti
614 1264 699 1322 lsaiae
723 1264 898 1329 vaticinium,
915 1261 1048 1329 occurrit,
1067 1260 1134 1319 Deo
1155 1258 1284 1337 jubente,
1339 1318 1342 1323 ,

95 1358 259 1435 Philippus,
275 1361 324 1433 qui
339 1361 521 1437 interrogavit
534 1378 619 1419 eum:
641 1369 662 1397 ⁴⁶
672 1360 798 1419 Putasne
812 1358 948 1437 intelligis
962 1376 1026 1433 quae
1038 1356 1135 1435 legisl
1155 1354 1217 1423 Qui
1228 1354 1283 1413 sit:

95 1452 136 1512 Et
149 1454 293 1527 quomodo
308 1474 436 1532 possum,
450 1457 477 1514 si
492 1476 549 1515 uon
563 1457 667 1531 aliquis
679 1455 838 1515 ostenderit
850 1454 944 1514 mihil
975 1450 994 1487 *
1015 1452 1034 1489 *
1055 1458 1075 1495 ⁶
1095 1454 1114 1491 ⁸
1146 1450 1292 1537 spanus!

94 1561 190 1609 autem
211 1551 364 1629 Philippus
385 1573 417 1611 os
432 1573 527 1621 suum,
542 1564 571 1611 et
590 1554 732 1633 incipiens
745 1574 771 1612 a·
783 1552 932 1631 Scriptura
944 1552 1010 1619 ista,
1024 1548 1235 1627 evangelizarit
1244 1545 1285 1607 illi

95 1646 244 1705 Jesum.'’¹
264 1647 347 1706 Nihil
361 1648 450 1706 divini
464 1650 542 1707 verbi
555 1648 659 1727 fulgori
672 1648 778 1727 adjicit,
794 1650 844 1723 qui
856 1666 916 1707 non
928 1666 983 1705 suo
994 1646 1122 1723 ingenio,
1135 1642 1190 1703 sed
1203 1644 1283 1722 juxta
1300 1696 1303 1703 .

95 1742 230 1801 divinitus
241 1743 371 1805 traditam
386 1747 473 1807 fidem
486 1736 648 1825 Scripturas
663 1747 791 1831 exponit.

142 1839 209 1918 otj.
227 1845 273 1899 10.
295 1843 402 1920 injuria
421 1844 453 1901 fit
467 1842 542 1913 Deo,
556 1826 748 1903 ‹tum'dicitur
761 1844 824 1923 ejus
839 1844 956 1901 verbum
977 1861 1035 1901 non
1055 1856 1144 1918 posse
1156 1836 1282 1915 intelligi,

98 1937 154 1996 nisi
177 1938 310 1997 Ecclesia
332 1942 503 2019 interpretc;
532 1950 562 2000 et
582 1942 644 2019 ejus
670 1950 795 2001 mentem
820 1959 857 1999 ex
880 1940 991 2018 judicio
1015 1936 1171 2009 Ecclesia,
1193 1936 1278 2015 Papa

101 2035 211 2093 scilicet
220 2046 250 2094 et
262 2037 486 2115 Episcoporum,
501 2037 735 2115 dignoscendam.

137 2131 228 2211 Reap.
259 2135 328 2193 Non
350 2135 471 2194 dicimus
494 2137 612 2194 verbum
641 2136 770 2195 divinum
792 2136 914 2213 intelligi
936 2135 1097 2194 nullatenus
1122 2148 1210 2210 posse
1230 2126 1286 2189 nin'

99 2227 233 2287 Ecclesia
246 2231 417 2307 interprete:
440 2251 522 2291 meus
537 2234 615 2293 enim
635 2232 692 2291 fide
705 2234 823 2301 imbuta,
838 2243 867 2291 et
879 2232 1068 2291 humilitatem
1082 2230 1185 2288 fovens
1204 2226 1287 2305 pluri·

100 2344 148 2383 ma
161 2327 191 2383 in
207 2327 301 2385 Sacris
315 2328 394 2388 libris
408 2331 557 2409 intelliget,
573 2333 642 2406 quin
653 2332 771 2410 speciali
786 2330 952 2391 delinitione
964 2328 1105 2389 Ecclesiae
1120 2324 1287 2402 desinguhs

100 2422 263 2481 instruatur.
304 2423 362 2480 Sed
377 2443 464 2496 quum
479 2427 514 2484 de
532 2430 617 2485 rebus
638 2428 783 2486 altissimis
806 2436 914 2505 agatur,
928 2444 1000 2501 quas
1018 2424 1150 2484 homines
1174 2420 1293 2501 plurimi.

101 2518 242 2576 erroribus
251 2517 395 2575 studentes
405 2520 481 2576 varia
492 2523 598 2580 ratione
607 2524 813 2600 explicuerunt,
823 2524 931 2600 ingenii
940 2522 1087 2581 subtilitati
1098 2520 1286 2596 indulgentes,

103 2631 255 2673 censemus
269 2612 388 2671 omnino
402 2632 520 2672 necesse
530 2632 594 2674 esse
603 2630 636 2676 ut
649 2619 762 2695 publica
775 2629 804 2677 et
817 2629 950 2677 constans
962 2618 1033 2676 fides
1048 2615 1185 2677 Ecclesia
1197 2614 1288 2673 menti

102 2730 229 2790 praesens
240 2713 288 2781 sit,
298 2720 329 2769 et
337 2720 370 2768 ut
379 2710 519 2788 judicium
527 2724 653 2774 nostrum
664 2718 870 2791 qualecumque
884 2716 1049 2775 Ecclesiaee
1064 2716 1171 2793 Spiritu
1182 2714 1287 2771 Sancto

103 2811 211 2870 edocte
238 2808 412 2888 subjiciatur.
453 2808 511 2869 Dei
535 2828 618 2871 mens
647 2825 675 2871 et
701 2816 852 2875 consilium
876 2816 1082 2873 exhominans
1105 2813 1216 2893 judicio
1229 2830 1285 2871 nou

104 2908 238 2987 pendent,
265 2907 317 2965 sed
341 2909 404 2984 ipse
429 2908 514 2987 nobis
531 2906 610 2967 dedit
631 2909 764 2971 homines
784 2912 924 2981 doctores,
949 2913 1120 2989 interpretes
1139 2912 1238 2985 utique
1260 2917 1288 2967 et

105 3007 226 3065 nuncios
247 3024 306 3063 sure
329 3006 491 3074 voluntatis,
506 3007 610 3079 quibus
630 3025 661 3063 se
682 3026 797 3086 semper
808 3010 969 3069 adfuturum
983 3008 1127 3087 pellicius
1141 3019 1196 3075 est,
1211 3017 1242 3066 ut
1260 3007 1287 3064 iu

105 3102 170 3179 ipso
184 3101 319 3159 niteretur
332 3100 404 3159 fides
417 3112 524 3160 nostra.
807 3100 811 3107 '
1025 3169 1034 3181 ι

147 3197 215 3278 Obj.
241 3200 287 3256 ll.
309 3198 435 3267 Oritiss,
454 3208 484 3257 et
508 3198 735 3259 Hermeneuticae
760 3202 852 3262 studia
876 3205 911 3263 ad
938 3205 1141 3282 perfectionem
1164 3201 1285 3263 scientie

107 3302 225 3362 Biblicae
240 3298 400 3377 pertinent:
420 3292 474 3353 sed
486 3297 647 3354 necessaria
660 3297 777 3355 scientia
791 3311 893 3375 presto
907 3312 951 3361 est
963 3302 1106 3360 omnibus.

145 3400 235 3479 Reep.
258 3398 299 3457 Ut
319 3394 472 3472 Scriptura
498 3395 528 3453 in
547 3394 614 3452 fidei
636 3395 763 3472 regulam
782 3398 896 3456 unicam
920 3410 949 3456 et
968 3401 1080 3477 plenam
1103 3408 1287 3464 assumantur,

108 3499 192 3559 debet
205 3515 270 3556 esse
284 3493 460 3572 exploratum
476 3492 630 3566 uuicuique
651 3511 700 3550 eas
721 3510 759 3550 ex
779 3492 875 3551 divina
898 3496 1081 3571 inspiratione
1106 3497 1287 3572 conscriptas,

109 3594 232 3670 integras
244 3609 319 3658 esse,
333 3588 465 3663 nullaque
478 3587 581 3647 menda
594 3589 672 3665 gravi
686 3588 806 3647 vitiatas.
847 3589 996 3648 Universis
1008 3601 1100 3649 autem
1115 3592 1145 3649 id
1165 3602 1287 3651 constare

110 3690 218 3762 nequit,
233 3707 321 3762 quum
335 3686 371 3744 de
382 3686 533 3763 Evangelii
548 3685 677 3744 Matthaei
688 3686 781 3762 primo
795 3695 824 3743 et
833 3686 959 3745 secundo
970 3688 1120 3764 capitibus,
1129 3698 1159 3747 et
1170 3690 1205 3747 dc
1219 3687 1287 3747 testi·

111 3786 216 3846 moniis
231 3804 294 3859 quae
315 3783 463 3842 Christum
481 3782 575 3840 Deum
591 3783 758 3859 respiciunt,
772 3794 938 3845 moveantur
957 3784 1021 3842 lites
1044 3786 1078 3843 ab
1092 3784 1288 3853 Unitarisnis,⁸
1305 3836 1314 3853 .

113 3899 185 3962 quas
195 3892 272 3939 certe
286 3880 415 3958 plerique
429 3878 561 3937 homines
575 3877 707 3937 dirimere
722 3897 780 3936 non
794 3878 897 3939 valent
940 3881 989 3939 Sic
1009 3881 1045 3938 de
1059 3901 1163 3942 vocum
1178 3882 1290 3942 Hebrai-

110 3997 207 4039 carum
227 3988 257 4036 et
270 3978 434 4036 Graecarum
457 3977 490 4055 vi·¹
510 3975 692 4053 disceptatur,
705 3975 884 4055 dogmatibus
904 3986 933 4037 et
956 3979 1119 4039 muneribus
1140 3982 1287 4059 precipuis

111 4076 181 4138 inde
193 4074 392 4155 pendentibus.
434 4074 516 4132 Nihil
529 4093 599 4132 sane
620 4073 655 4132 de
679 4074 726 4133 his
744 4072 873 4151 judicare
886 4075 980 4134 valent
992 4077 1131 4154 plerique.
1151 4084 1154 4089 “
1175 4078 1289 4139 Herme-

110 4174 224 4253 neutiea
235 4171 320 4230 etiam
331 4190 446 4231 sensum
458 4171 683 4229 testimoniorum
693 4170 732 4229 ita
740 4170 836 4239 afficit,
848 4181 879 4230 ut
887 4191 998 4232 summa
1006 4173 1073 4232 fidei
1084 4173 1150 4234 inde
1162 4175 1286 4253 pendeat

112 4270 170 4345 Qui
182 4272 268 4350 igitur
283 4267 442 4344 Scripturas
456 4270 485 4328 in
500 4268 625 4346 regulam
639 4269 751 4327 unicam
766 4278 892 4338 sumunt,
906 4272 1067 4331 necessario
1077 4273 1220 4345 vacillant,
1229 4273 1288 4351 quia

370 4482 408 4543 (1)
426 4481 482 4530 Act.
492 4482 543 4531 viii.
553 4481 593 4540 30,
604 4481 643 4540 31,
652 4480 690 4530 ³5.

371 4567 409 4627 (2)
424 4564 484 4613 Vide
495 4565 626 4615 Unitarian
638 4563 795 4631 Miscellany,
805 4563 850 4615 tol.
861 4564 894 4615 ri.
905 4582 928 4630 p.
938 4564 994 4616 ³28.
