2738 5032
387 214 443 277 oe
464 214 684 276 accusata
707 213 905 275 ostrum.
1136 164 1141 185 ⁸
1183 214 1239 273 trs

53 379 145 439 latam
163 377 301 456 implicite
322 374 421 435 saltem
444 375 676 454 amplecterstnrr
698 374 849 433 “consilia
868 372 1054 443 destruentes,
1073 386 1104 433 et
1121 388 1237 431 omnm

56 475 234 534 altitudinem
247 473 429 532 extollentem
441 492 474 532 se
489 473 623 531 adversus
636 471 783 535 scientiam
800 471 865 538 Dei,
880 482 908 530 et
920 476 951 531 in
962 472 1151 550 captivitatem
1164 470 1238 529 rsdi-

55 583 157 651 gentes
171 588 287 630 omnem
307 569 479 635 intellectum
492 570 523 628 in
542 570 711 642 obsequium
725 567 845 633 Christi,
859 579 887 626 st
901 568 930 627 in
949 580 1080 646 prompto
1102 568 1237 625 hebentes

51 668 152 729 ulcisci
166 684 281 727 ornnem
296 665 561 725 inobedientiam.'’¹
586 665 650 723 'Sic
663 666 713 738 qui
724 664 864 723 Ecclesia
874 664 1030 727 Ortlt'olice
1043 666 1235 723 memritstem

51 764 214 824 necessario
233 763 440 842 agnoscendam
465 762 605 840 predicet,
628 780 686 821 non
707 761 773 821 ideo
791 764 901 821 ceossri
923 761 1147 839 potestsioguls
1166 759 1235 819 fidei

54 860 187 940 dogmata
199 860 279 939 parvi
292 860 413 929 hebere;
429 879 492 933 que
506 860 631 918 maxime
644 857 770 918 adstruit.
783 858 851 918 dum
866 859 1004 917 Ecclesiae
1022 857 1156 918 divinitus
1169 874 1236 916 con·

54 978 133 1018 sessa
146 958 297 1037 privilegia
310 959 465 1016 annuntiat.

94 1056 163 1136 osj.
179 1060 209 1115 d.
231 1056 322 1115 Secta
336 1055 506 1114 Christiane
517 1074 580 1130 que
591 1058 622 1114 in
635 1056 717 1114 rebus
727 1074 783 1115 non
793 1055 990 1115 essentialibus
998 1056 1173 1132 discrepant,
1182 1056 1236 1113 etei

59 1153 84 1213 io
97 1173 195 1213 errore
208 1164 368 1222 versentur.
379 1153 516 1230 implicito
529 1165 622 1213 tamen
635 1154 731 1213 omnis
745 1172 807 1227 quar
828 1154 963 1213 Christos
978 1151 1090 1211 tradidit
1102 1169 1235 1210 venereo·

58 1267 113 1311 tur:
137 1251 226 1310 Sient
233 1252 318 1330 igitur
337 1251 489 1320 Catholici,
504 1270 597 1311 errore
617 1264 713 1312 matra
724 1252 810 1311 tidem
831 1251 939 1318 irretiti,
954 1248 1079 1337 haeretici
1100 1267 1157 1307 non
1170 1267 1238 1307 cen·

61 1360 162 1426 entur,
176 1367 231 1407 nee
244 1346 475 1409 extraEeslesie
488 1349 638 1425 gremium,
652 1348 890 1427 quumimplicits
904 1347 1001 1406 omnia
1013 1345 1153 1407 Ecclesiae
1166 1342 1235 1422 dog·

61 1454 328 1513 mararensium
344 1444 382 1503 ita
395 1463 448 1503 nee
462 1455 545 1529 seete
558 1445 707 1507 esnesnde
720 1445 833 1504 suntab
847 1440 978 1506 Ecclesia
990 1443 1098 1523 elienm

40 1592 44 1605 ,
93 1534 285 1618 Respa-idern
312 1551 505 1618 argumentum
534 1542 664 1617 probaret
686 1541 813 1601 Deistam
838 1539 873 1599 ad
901 1538 1059 1625 Ecclesiam
1083 1537 1235 1617 pertineas,

63 1654 141 1710 quum
162 1637 272 1715 ipsese
292 1651 419 1723 paratum
433 1638 596 1716 profiteatur
616 1638 652 1699 ad
667 1637 868 1717 'amplectenda
879 1639 976 1696 omnia
995 1656 1058 1711 que
1077 1636 1173 1699 Deum
1186 1637 1235 1697 lra-

64 1733 119 1794 tent
130 1744 293 1803 suctorsmt
314 1754 344 1807 re
359 1745 451 1794 tamen
465 1754 531 1794 sera
548 1735 763 1815 rejicitdicens
777 1753 815 1797 ea
829 1753 847 1791 a
859 1730 924 1793 Deo
943 1752 1001 1793 non
1014 1754 1078 1793 esse
1098 1734 1233 1813 prolecta.

9 1859 12 1873 ·
66 1829 222 1907 thnidern
234 1828 416 1892 manilsstom
429 1844 474 1891 est
485 1832 639 1893 discrimen
652 1834 726 1893 inter
738 1834 884 1892 Sectarnm
899 1849 1017 1897 amores.
1032 1843 1062 1891 et
1074 1831 1236 1891 Camelioo·

68 1942 116 1992 tin
128 1933 181 2006 qni
194 1931 291 1990 forsan
306 1931 466 2009 ignommnt
481 1931 595 2005 aliquod
609 1932 748 1991 Emissis
762 1931 923 1992 decretum:
946 1928 1088 1993 canutio
1107 1929 1185 1988 enim
1197 1946 1236 1987 sx

68 2027 150 2089 selmo
163 2038 278 2106 paratos
300 2045 332 2085 ee
346 2027 451 2085 habent
471 2012 509 2086 ad
527 2022 670 2089 Ecclesiae
690 2027 894 2095 definitionem,
909 2028 1002 2086 statim
1023 2044 1057 2085 ac
1073 2024 1236 2094 innotuerit.

68 2118 305 2203 mplectondenij.
314 2123 439 2183 haretici
454 2122 530 2192 reid,
544 2125 598 2183 etsi
608 2123 706 2184 dicant
718 2143 750 2182 se
765 2124 836 2183 velle
850 2125 946 2185 omnia
959 2142 1021 2199 quta
1036 2121 1169 2181 Christus
1183 2131 1236 2181 tre·

69 2215 284 2301 liditexcipere‚
299 2221 400 2279 nolunt
419 2230 513 2279 umen
526 2221 570 2297 'iis
585 2222 715 2280 assentiri
734 2222 817 2279 etiam
837 2222 1011 2299 sufficienter
1026 2219 1234 2299 promulgatis3

70 2317 107 2377 ttl
117 2329 241 2399 pergunt
253 2317 393 2396 denegare
407 2338 441 2377 ee
454 2318 603 2381 Christum
615 2330 757 2378 auctorem
770 2318 882 2381 habere.

98 2414 162 2497 ⁰&-
177 2420 206 2476 tt.
228 2417 321 2475 Secta
339 2416 454 2484 habent,
474 2427 505 2476 ut
525 2416 687 2494 plurimum.
703 2415 888 2499 'Baptismom
907 2416 1018 2492 aliaque
1042 2416 1235 2488 Sacramenta,

68 2507 144 2586 mque
156 2514 279 2591 gignum
293 2511 409 2571 Christo
423 2513 507 2572 filios.
528 2504 536 2591 J
660 2540 666 2567 .·
709 2570 712 2575 ,
1237 2548 1240 2553 -

74 2602 178 2689 ’Καρ
198 2609 349 2687 Contingit
368 2610 515 2669 haereticos
536 2609 716 2685 Baptismum
737 2611 866 2679 retinere,
886 2610 960 2677 sient
977 2608 1007 2669 et
1029 2629 1231 2683 nonnunquam

66 2703 109 2765 tlis
125 2707 318 2781 &ammenta
332 2707 399 2779 quia
419 2705 551 2773 Christus
573 2706 755 2765 Sacramenta
775 2707 813 2765 ita
826 2707 955 2772 instituit,
971 2718 1002 2767 ut
1021 2725 1037 2763 s
1059 2705 1114 2763 fide
1137 2706 1235 2764 minis·

65 2802 183 2862 nattum
196 2803 286 2861 virtus
300 2821 398 2865 eurum
413 2821 469 2863 non
483 2802 626 2880 penderet
640 2832 644 2837 ·
666 2801 811 2861 Ceterum
823 2802 852 2860 id
872 2792 1022 2861 commune
1041 2813 1085 2859 est
1098 2803 1182 2860 etiam
1198 2801 1233 2859 iis

64 2898 104 2971 tui
114 2901 144 2959 ln
156 2899 282 2983 articulis
296 2898 559 2966 fundamentalibus,
572 2911 604 2956 ut
616 2900 654 2958 ait
666 2899 800 2967 lorinus,
811 2908 913 2956 errant.
953 2898 1036 2957 Errat
1049 2890 1225 2957 autem'enor

53 2994 133 3055 niter
145 2989 301 3065 Burnetue,
314 2996 437 3057 valorem
452 2996 584 3072 baptismi
594 2995 698 3074 ‹ex-fide
706 2992 957 3085 fundamentalium
971 2995 1150 3055 articulorum
1161 2994 1250 3055 deri·-

62 3097 150 3153 lffl.²
293 3152 296 3157 ,
371 3096 375 3103 ’
1014 3134 1017 3143 -
1193 3136 1196 3141 -

87 3186 161 3269 eij.
174 3195 215 3250 7.·
226 3189 349 3249 Constat
361 3190 392 3248 8.
411 3189 605 3263 benensis&
620 3190 639 3249 J
641 3191 764 3253 ustinum
776 3191 903 3265 aliosque
914 3178 1110 3255 ,millenarium
1126 3189 1234 3251 Christi
1338 3264 1341 3269 Ι

57 3292 169 3365 mgnum
185 3287 333 3375 duocimo,
347 3287 423 3362 quod
444 3288 492 3347 alii
512 3291 686 3369 rejecerunt.¹
719 3288 839 3349 Constat
858 3290 943 3348 etiam
957 3288 989 3347 S.
1005 3287 1184 3366 cyprianum
1205 3299 1233 3346 et

55 3378 258 3465 Firmiliar'iumj
281 3405 346 3445 cum
369 3405 470 3464 magna
492 3368 819 3469 Episcoporumstorbl,
844 3387 1014 3465 baptismum
1036 3385 1232 3444 hereticorum

54 3481 304 3561 respuisse,.quem
318 3484 419 3545 ceteri.
432 3483 571 3563 Episcopi
585 3502 650 3543 cum
672 3484 817 3561 Stephano
837 3484 975 3543 Pontifice
996 3482 1231 3563 Romanoratum

52 3572 217 3641 habuerunt.
259 3578 309 3651 Sic
322 3592 351 3640 et
360 3581 395 3640 de
409 3582 471 3643 aliis
483 3574 612 3660 plurimis
621 3581 696 3659 apud
706 3581 822 3640 Veteres
837 3581 1037 3659 disputabatur,
1047 3574 1231 3641 salvatamen

52 3679 166 3747 unitate,
180 3670 269 3753 quum
284 3680 313 3737 in
327 3674 669 3757 precipuis-dogmatibus
680 3678 876 3737 convenirent.-

89 3775 179 3855 Resp.
201 3776 331 3855 Contigit
351 3787 381 3834 ut
401 3777 475 3855 apud
489 3778 607 3836 Veteres
628 3776 745 3835 diversae
766 3776 1009 3835 circumferrentur
1028 3777 1174 3855 sententie
1196 3777 1232 3836 de

50 3874 134 3951 rebus
147 3873 291 3933 nonnullis
307 3870 431 3939 nondum
445 3874 608 3933 solemniter
621 3873 755 3943 definitis,
770 3874 837 3948 quia
848 3873 958 3931 scilicet
980 3891 1037 3932 noo
1051 3875 1119 3933 satis
1142 3876 1235 3934 omiti·

49 3971 103 4029 bus
116 3971 239 4029 innotuit
252 3958 318 4044 uuae
331 3980 407 4029 esset
420 3988 485 4029 vera
498 3970 533 4029 de
547 3971 583 4029 iis
603 3954 713 4043 traditio
727 3970 801 4050 apud
820 3970 967 4030 Ecclesiae
981 3968 1160 4049 Apostolicas
1174 3991 1234 4031 ser·

37 4076 122 4126 ¹satir.
164 4065 308 4125 Getarum
322 4064 420 4129 sedulo
434 4067 561 4126 instituto
583 4054 826 4142 examinareque
847 4067 959 4146 penitus
973 4067 1127 4145 explorata,
1141 4068 1233 4128 decla·

50 4152 125 4239 ra'rit
137 4162 356 4249 Ecclesiaquid
372 4156 455 4241 Juxta
474 4165 667 4242 Apostolicam
688 4156 864 4225 traditionem
885 4165 1162 4234 casertanensem,
1178 4176 1233 4223 sta·
1282 4202 1289 4211 ·

48 4260 159 4335 timqne
175 4248 435 4339 apud'Cat'lrolicos
454 4278 554 4319 omnes
574 4260 858 4321 semarit'dubitatio.
899 4260 949 4319 Sic
971 4261 1003 4322 S.
1017 4261 1157 4330 lustinus,
1178 4260 1234 4339 pri·

47 4367 115 4416 rata
128 4374 165 4431 ex
178 4356 326 4424 sententia,
341 4354 566 4441 circisionem
581 4358 695 4447 sanctis
706 4354 847 4435 per'mille
863 4377 952 4417 sonos
966 4358 1089 4418 interris
1104 4366 1233 4434 regnatn-

233 4533 282 4628 tlt
300 4566 336 4616 11.
346 4567 402 4618 car.
415 4584 438 4617 ι.
449 4568 473 4618 ι.
603 4574 605 4578 ’
774 4568 809 4629 (ι)
829 4567 1056 4635 intimasses.
