2768 5032
325 258 393 369 'nn
417 304 636 368 nocensne
658 302 1033 367 rnrrnnrmntrnna.
1221 283 1278 365 asi

92 464 166 526 vidit
181 467 308 536 Grotius,
324 468 370 527 cui
384 468 534 529 assentitur
554 465 734 533 Bloomfield,
755 476 873 539 uterque
888 474 981 525 nmen
1003 463 1175 543 prejudiciis
1190 473 1275 523 sectae

91 563 180 621 nimia
191 563 325 622 studens:
342 573 362 600 ‘⁴
372 562 525 623 Veritatem
535 563 582 622 hic
591 571 735 639 comparat
743 562 822 639 operi
834 578 955 640 supero3
970 560 1142 631 Ecclesiam,
1153 561 1278 619 maxime

91 658 304 729 Universalem,
313 659 363 719 sed
375 670 404 718 et
414 679 462 719 eas
471 671 564 738 partes
574 679 637 733 quae
648 658 809 718 Universali
820 658 971 726 adherent,
983 659 1120 717 columne
1132 669 1161 716 et
1171 657 1279 716 basi.”¹

91 754 161 815 Jarn
182 776 252 816 vero
270 758 297 817 si
315 758 373 821 ullo
396 768 493 837 posset
512 756 606 817 errore
627 756 782 815 doctrinam
803 755 912 815 Christi
936 774 1125 833 corrumpere,
1146 755 1279 815 Ecclesia

92 852 255 913 nullatenus
276 852 486 913 toarnensis
507 854 711 931 cujuscumque
731 853 873 921 columna,
888 871 953 910 narn
967 851 1150 911 dubitandum
1165 869 1280 929 semper

90 948 167 1009 forst
179 960 272 1009 utrum
288 950 318 1009 in
332 949 460 1009 doctrina
471 948 605 1008 tradenda
617 949 735 1026 speciali
748 958 887 1008 errasset:
901 949 967 1007 etsi
981 948 1113 1009 Ecclesia
1127 948 1279 1007 Universa·

88 1046 127 1105 lis
141 1064 179 1105 ex
194 1046 327 1107 omnibus
341 1045 388 1105 vel
408 1044 468 1105 fere
480 1047 614 1105 omnibus
631 1045 724 1104 Sectis
745 1043 917 1103 Christianis
937 1046 1115 1113 continetur,
1129 1044 1192 1121 ipsa
1212 1044 1278 1103 doc·

94 1144 175 1202 trine
190 1145 220 1202 in
241 1145 384 1221 plerisque
404 1146 488 1205 rebus
502 1143 644 1202 discordia
663 1162 777 1204 omnem
792 1143 901 1202 tolleret
913 1141 999 1202 fidem
1019 1140 1118 1219 paucis
1132 1142 1279 1217 inquibus
1313 1180 1316 1191 ·

73 1300 77 1305 .
92 1260 252 1301 consensus
266 1242 407 1300 videretur
420 1240 609 1319 dogmatibus,
624 1251 654 1300 et
664 1260 745 1300 mens
759 1240 877 1300 hereret
890 1241 1004 1300 incerta.

135 1336 201 1417 obj.
217 1342 246 1396 8.
269 1338 402 1397 Ecclesia
421 1338 554 1396 columna
569 1338 692 1397 veritatis
706 1336 817 1406 dicitur,
831 1336 908 1412 quod
928 1338 1081 1397 servaverit
1100 1335 1275 1415 Scripturas,

92 1435 163 1508 quin
177 1436 220 1495 eis
234 1435 320 1494 ullam
333 1436 461 1494 tribuerit
473 1435 674 1504 auctoritatem,
687 1453 749 1508 quae
763 1455 780 1492 a
793 1435 855 1495 solo
869 1436 933 1495 Deo
949 1433 1099 1494 derivatur.
1141 1433 1184 1494 lta
1198 1432 1278 1493 Mac-

88 1531 216 1611 knighs⁹
1249 1598 1253 1607 Ι

108 1692 110 1696 ,
133 1626 222 1704 Resp.
245 1627 290 1686 De
305 1627 451 1686 servandis
465 1627 612 1705 scripturis
626 1627 699 1686 nihil
711 1646 747 1686 eo
760 1627 816 1686 loci
830 1626 940 1697 dicitur,
954 1627 1006 1686 sed
1025 1626 1105 1687 dotes
1118 1636 1147 1686 et
1160 1626 1278 1687 auctori·

93 1733 135 1781 tas
150 1722 292 1784 Eccleeiae
305 1724 500 1805 predicantur.
545 1726 575 1784 N
576 1745 614 1784 on
627 1726 751 1802 explicat
764 1725 870 1783 Paulus
885 1743 941 1798 qua
953 1725 1060 1784 ratione
1081 1725 1214 1785 Ecclesia
1227 1744 1275 1784 re·

91 1818 200 1878 liutem
223 1831 371 1891 sustentet,
396 1821 447 1880 sed
467 1812 635 1899 simpliciter
653 1840 717 1898 eam
738 1822 799 1899 ejus
821 1820 1043 1879 sustentaculum
1065 1819 1203 1898 designat,
1224 1839 1277 1879 nec

90 1916 158 1979 licet
185 1920 334 1978 verborum
354 1920 424 1998 ejus·
437 1920 678 1997 amplissimorum
699 1930 804 1978 arctare
824 1937 951 1977 sensum.
992 1917 1146 1994 Scripturae
1163 1915 1279 1990 quidem

92 2013 171 2073 Novi
185 2014 363 2073 Testamenti
377 2034 435 2073 non
449 2034 550 2074 omnes
563 2016 655 2074 adhuc
668 2026 797 2075 exaratae
816 2015 934 2075 fuerant.
971 2013 1115 2072 Ceterum
1136 2012 1276 2072 Ecclesiae

94 2109 245 2175 intuenda
259 2110 373 2173 veritate
388 2111 431 2168 vis
446 2121 474 2169 et
487 2112 635 2170 auctoritas
649 2113 736 2170 claret
747 2112 778 2170 in
792 2112 999 2189 Scripturarnm
1014 2109 1280 2176 conservationem

94 2224 133 2265 ex
148 2205 212 2281 ejus
227 2204 390 2265 testimonio
403 2205 516 2264 discunt
526 2205 624 2265 fideles
639 2225 687 2264 eas
697 2207 794 2265 divino
805 2207 899 2265 afflatu
912 2207 1096 2283 conscriptas,
1111 2216 1139 2264 et
1152 2204 1279 2264 celestes

92 2301 225 2359 veritates
239 2300 304 2359 inde
318 2292 465 2371 derivatas,
481 2303 544 2380 ipsa
558 2320 605 2361 ees
620 2302 789 2380 explicante,
801 2304 1016 2381 amplectuntur.
1038 2300 1122 2370 Quod
1135 2314 1227 2360 autem
1242 2319 1277 2359 eo

94 2400 161 2477 ipso
183 2400 247 2458 loc'o
262 2418 319 2472 qno
333 2400 425 2477 elogia
439 2401 487 2459 illa
506 2401 646 2460 Ecclesiae
666 2400 701 2460 de
722 2403 921 2480 scripturarum
936 2402 1148 2461 conservatione
1163 2400 1281 2477 exponit
1369 2468 1372 2475 1

93 2495 232 2573 interpres
246 2497 293 2555 ille
308 2498 539 2566 Protestanticus,
560 2517 618 2557 uno
632 2500 732 2577 spiritu
747 2500 831 2577 neget
845 2500 929 2558 ullam
950 2500 981 2558 in
995 2500 1048 2557 hac
1061 2518 1092 2558 re
1114 2517 1209 2557 veram
1223 2497 1279 2557 Ec-

95 2593 188 2650 cleeiae
214 2593 416 2675 auctoritatem,
430 2594 553 2653 ostendit
577 2595 722 2655 hominem
744 2597 797 2655 sibi
818 2616 875 2654 non
896 2594 1082 2662 constantem,
1096 2594 1164 2652 dum
1180 2593 1281 2652 frustra

93 2698 209 2747 conatur
224 2689 318 2746 inania
330 2688 442 2747 efficere
457 2672 542 2747 ve'rba
555 2691 696 2768 Apostoli,
712 2692 850 2751 altissimo
864 2711 949 2749 sensu
965 2692 1058 2766 plena.

134 2785 206 2864 obj.
222 2789 250 2844 9.
273 2786 490 2863 Superstitionis
504 2787 581 2845 varia
594 2807 707 2864 genera,
719 2796 748 2846 et
759 2789 908 2864 opiniones
924 2788 1023 2863 primis
1037 2786 1149 2844 seculis
1164 2778 1281 2844 ornnino

96 2881 258 2959 incognite,
274 2901 338 2956 quae
352 2883 381 2941 in
403 2882 535 2940 Ecclesia
556 2883 686 2958 Romana
706 2884 846 2951 obtinent,
862 2883 983 2960 probant
995 2899 1103 2939 errores
1118 2881 1148 2939 in
1168 2880 1224 2939 fide
1239 2880 1280 2941 in·

74 3004 77 3009 ·
94 2978 160 3037 duci
175 2999 271 3056 posse,
287 2991 316 3038 et
330 2999 429 3057 reapse
443 2979 583 3039 inductos.

133 3076 222 3156 Resp.
244 3078 355 3137 Potitio
363 3077 516 3157 principii,
532 3088 562 3137 ut
576 3079 655 3138 aiunt
669 3078 827 3149 Dialectici,
841 3080 875 3139 fit
887 3098 976 3155 quum
991 3080 1067 3155 quod
1083 3081 1113 3139 in
1125 3079 1280 3155 questione

90 3175 220 3251 ponitur,
235 3184 375 3253 procerte
389 3176 518 3234 sumitur.
547 3176 594 3236 ·ln
617 3176 685 3234 illud
705 3177 889 3237 ratiocinandi
904 3178 1166 3247 vitiumlncurrunt
1181 3178 1230 3250 qui
1243 3187 1283 3234 te-

98 3288 178 3328 mere
191 3271 295 3330 habent
308 3291 360 3349 pro
374 3273 578 3349 superstitiosis
592 3274 661 3332 ritus
681 3274 832 3343 Ecclesia,
847 3284 876 3333 et
894 3294 969 3333 nova
984 3274 1122 3352 judicant,
1138 3292 1201 3344 quar
1222 3272 1279 3328 illis

97 3386 157 3426 non
171 3369 293 3446 sapiunt.
335 3369 378 3428 Re
393 3368 428 3427 ad
442 3370 575 3428 trutinam
587 3382 725 3440 revocata,
740 3372 822 3431 facile
836 3373 942 3448 patebit
955 3371 1026 3429 nihil
1047 3369 1124 3443 quod
1146 3367 1282 3443 supersti-

96 3466 205 3524 tionem
218 3467 342 3526 redoleat
355 3467 494 3526 Ecclesia
514 3452 635 3544 probari,
649 3469 759 3528 nullum
773 3470 913 3527 recentius
928 3479 1119 3527 commentum
1141 3465 1282 3545 dogmatis
1294 3452 1297 3459 ¹

97 3583 233 3642 usurpare
254 3567 456 3625 auctoritatem.
499 3567 546 3624 Ne
560 3576 653 3625 autem
668 3566 698 3624 in
719 3567 860 3625 infinitum
882 3566 1092 3644 progrediamur
1106 3565 1281 3643 singulorum

96 3662 239 3730 examine,
255 3663 337 3721 citata
350 3663 495 3738 scripture
510 3663 671 3721 testimonia
684 3663 751 3720 satis
766 3662 917 3720 ostendunt
931 3663 1038 3721 nullum
1051 3681 1172 3721 errorem
1186 3663 1283 3722 induci
1365 3646 1369 3651 ’

102 3760 249 3836 potuisse:
271 3760 380 3819 nullum
401 3780 498 3821 revera
517 3760 663 3819 inductum
682 3778 719 3818 ex
739 3779 774 3818 eo
794 3770 879 3837 patet,
894 3759 970 3833 quod
992 3770 1114 3837 tempus,
1129 3770 1281 3843 auctorem,

95 3855 207 3930 aliaque
223 3856 354 3935 adjuncta
363 3858 464 3931 quibus
479 3858 573 3917 omnis
582 3858 692 3916 novitas
707 3867 826 3926 notatur,
839 3854 924 3916 nemo
939 3857 1030 3943 possit
1043 3857 1200 3935 adsignare,
1212 3858 1280 3919 dnm

95 3952 132 4012 de
146 3954 286 4031 Ecclesia
301 3953 479 4032 dogmatibus
493 3956 593 4034 agitur,
609 3974 672 4030 quae
686 3955 805 4034 proinde
821 3956 887 4033 jure
901 3955 1009 4034 optimo
1024 3954 1058 4019 ad
1079 3955 1282 4033 Apostolorum

92 4051 388 4115 reseruntoretatern.
422 4118 424 4123 ,
684 4046 689 4051 ’
722 4044 725 4049 ’
911 4038 914 4043 ’

416 4282 461 4343 ’(1)
478 4281 552 4345 Apud
564 4282 706 4333 Bloomfield
718 4282 841 4353 inlocum

421 4364 457 4425 (2)
474 4364 578 4415 Pressas
588 4372 613 4414 to
624 4365 779 4430 [Timui-by,
790 4372 848 4414 sect.
861 4381 883 4413 r.

214 4625 288 4685 Ver..
304 4623 407 4684 1.-32
