2738 5032
106 258 168 317 288
419 255 475 315 DE
497 256 725 318 TRIBUNALI
746 248 988 373 POO'I'RINAE.

108 415 252 492 Theologi
266 426 384 473 censent
397 434 434 473 ex
448 416 574 474 oratione
589 415 699 474 christi
713 398 850 475 llorhiui:
893 424 912 453 ‘⁶
923 416 989 493 Ego
1008 416 1106 493 rogavi
1126 432 1180 491 pro
1194 432 1245 481 rs,
1269 421 1304 470 ut

32 560 44 579 ,
106 532 165 572 nou
193 512 305 570 deficiat
338 511 410 571 fides
445 525 510 580 tua;
546 525 575 572 et
601 525 630 571 tu
665 511 816 586 aliquando
850 532 1004 572 conversus
1033 513 1170 572 confirma
1198 510 1303 569 fratres

31 630 35 639 ·
106 608 218 678 tuos,'’¹
231 607 335 667 sactum
350 626 425 677 esse,
440 620 471 667 ut
484 610 597 678 Petrus,
611 610 731 687 ejusque
744 626 924 667 successores
945 626 1100 682 numquam
1116 625 1209 666 errare
1231 624 1302 683 pos·

15 724 28 747 ·¹
109 706 167 765 sint
182 705 211 762 in
226 704 349 763 solemni
362 724 415 763 suo
426 705 462 763 de
476 704 543 763 fidei
557 704 810 781 doctrinejudicio,
823 724 880 778 quo
894 696 992 777 fratres
1005 705 1035 763 in
1055 703 1112 763 lide
1130 704 1307 763 confirmare

15 852 20 869 ,.
108 800 232 869 student,
255 821 339 861 suum
364 821 479 869 munus,
503 812 645 875 tamquam
673 801 802 878 supremi
826 803 856 860 iu
880 802 960 860 terris
990 801 1131 868 doctores,
1164 801 1303 874 uicesque

15 958 18 969 ,
108 896 218 956 Christi
230 897 348 958 Domini
360 910 500 976 gerentes,
510 898 672 975 implentes.
701 898 734 956 ld
745 896 860 972 quidem
869 898 1058 956 certissimum
1068 897 1180 955 videtur
1189 897 1299 956 nullam

15 986 19 1011 '
109 1013 247 1068 umquam
261 995 345 1053 latam
361 995 520 1054 solemnem
541 993 608 1053 fidei
623 993 818 1052 definitionem
839 994 983 1067 abaliquo
998 993 1149 1062 Pontifice,
1164 1010 1229 1066 que
1243 1010 1306 1051 non

104 1090 189 1151 luerit
202 1093 236 1149 ab
250 1091 462 1168 Episcoporum
476 1091 597 1168 collegio
611 1092 705 1168 agnita
718 1099 747 1148 et
759 1101 896 1168 excepta:
918 1109 982 1164 quae
1002 1091 1079 1148 enim
1099 1090 1188 1167 objici
1201 1089 1299 1147 solent

110 1186 146 1247 de
161 1187 269 1246 Liberii
284 1198 314 1246 et
325 1188 449 1249 Honorii
463 1187 604 1264 lapsibus,
615 1206 669 1245 nec
683 1188 751 1244 satis
766 1189 929 1264 probantur,
944 1198 997 1245 uec
1013 1187 1098 1245 ullam
1113 1187 1221 1245 habent
1233 1186 1304 1246 doc·

109 1286 217 1344 trinalis
233 1298 261 1345 et
271 1287 408 1345 solemnis
420 1285 592 1344 delinitionis
607 1286 745 1363 speciem.
786 1286 916 1344 Liberius
930 1283 1017 1363 vulgi>
1031 1286 1305 1350 existimaturexilii·

112 1383 197 1442 tedio
211 1384 350 1461 ambiguae
365 1382 502 1441 formulae
516 1383 731 1459 subscripsisse,
747 1383 898 1442 Sirmiensi
911 1383 1019 1443 scilicet
1032 1392 1130 1441 contra
1144 1383 1307 1445 Pherinum

112 1480 207 1549 editae,
222 1501 269 1539 an.
285 1485 354 1548 351,
369 1480 579 1538 communionis
598 1481 665 1557 jura
687 1481 808 1539 Ursacio
822 1491 859 1538 et·
874 1480 987 1539 Valenti
1002 1479 1115 1539 Arianis
1141 1481 1308 1558 Episcopis·

108 1579 250 1645 tribuisse,
264 1587 292 1635 et
305 1578 493 1636 Athanasium
507 1575 667 1636 damnasse.
710 1577 782 1636 llaec
796 1578 822 1635 si
836 1578 977 1646 verasint,
989 1597 1056 1636 eum
1067 1564 1307 1661 gravissimesuo

109 1674 238 1733 defuisse·
249 1675 361 1732 muneri
374 1674 503 1751 probant,
519 1692 573 1732 nec
587 1684 680 1732 tamen
695 1672 832 1732 solemnis
842 1673 1016 1733 definitionis
1030 1673 1136 1732 habent
1149 1674 1301 1741 rationem,

108 1792 172 1847 quae
186 1773 273 1831 libere
287 1771 334 1830 edi
348 1771 440 1841 debet,
455 1771 532 1831 etad
546 1783 632 1833 tetam
648 1772 808 1830 Ecclesiam
823 1771 918 1851 dirigi,
933 1772 1074 1831 Pontifice
1088 1791 1153 1831 eam
1168 1781 1226 1831 tota
1245 1790 1304 1830 sua

15 1854 25 1873 ⁵
109 1869 272 1928 auctoritate
286 1870 442 1928 muniente.
485 1866 629 1927 Ceterum
654 1867 865 1937 Theodoretus,
891 1868 1011 1927 Graecus
1035 1888 1131 1927 rerum
1156 1877 1302 1946 gestarum

108 1968 239 2045 scriptor,
254 1968 399 2027 Liberium
413 1968 550 2026 illustrem
565 1966 653 2025 fuisse
667 1966 735 2024 fidei
749 1966 914 2025 defensione
928 1977 1053 2035 testatur,
1068 1976 1098 2025 et
1116 1967 1241 2026 Romam
1254 1986 1301 2025 re·

107 2065 195 2125 diisee
220 2067 390 2144 imperatore
416 2065 585 2124 Constantio
610 2065 741 2142 precibus
766 2083 956 2133 matronarum
982 2065 1177 2125 Romanamm
1211 2066 1301 2125 flexo.

110 2164 281 2223 Pontificem
293 2181 330 2221 ex
344 2163 412 2221 urbe
427 2162 541 2240 pulsnm
555 2163 711 2240 gloriosum
726 2162 860 2240 praedicat
871 2163 996 2221 veritatis
1009 2163 1169 2231 athletam,¹
1180 2163 1305 2223 redeun-

21 2282 24 2291 ·
109 2269 167 2318 tem
180 2271 263 2318 vocat
276 2259 404 2318 divinum
426 2271 454 2318 et
473 2259 694 2318 admirandum.⁸
733 2260 806 2326 Qus
826 2260 912 2336 igitur
932 2259 1062 2317 tribuitur
1085 2259 1246 2318 Athanasio
1266 2259 1304 2318 de

15 2404 17 2411 .
108 2358 191 2434 lapsu
206 2357 268 2433 ejus
282 2357 469 2416 narrationem
492 2358 572 2434 operi
586 2358 648 2434 ejus
664 2368 789 2416 assutam
804 2375 871 2419 ,uon
895 2352 1126 2416 inverosimiliter
1139 2358 1305 2435 conjicitur,

109 2473 174 2511 nam
189 2455 385 2521 constantiam,
401 2458 458 2526 qua
471 2455 555 2511 etiam
570 2454 637 2512 exul
650 2455 752 2512 restitit
775 2455 938 2530 imperatori
960 2453 1094 2513 omuibus
1107 2454 1196 2513 fuisse
1210 2455 1306 2514 admi·

110 2549 213 2607 rationi
228 2549 291 2624 ipse
305 2549 375 2605 alias
390 2559 515 2616 testatur,
531 2549 607 2607 etde
622 2568 658 2608 eo
672 2561 700 2608 et
714 2550 786 2608 Osie
801 2548 886 2608 dicit:
929 2550 1002 2609 “Hi
1024 2552 1102 2611 enirn
1118 2544 1209 2624 quum
1221 2551 1304 2610 vide·
1345 2544 1348 2549 ⁴

107 2657 171 2706 rent
180 2666 213 2704 ea
222 2665 287 2720 quae
295 2657 392 2706 contra
401 2665 454 2705 nos
466 2651 623 2725 agerentur,
635 2647 733 2705 omnia
743 2647 800 2723 pati
810 2647 977 2716 maluerunt,
990 2647 1304 2722 quam-autveritatem,

108 2755 156 2802 aut
169 2763 283 2803 causam
298 2754 422 2803 nostram
439 2743 606 2823 prodere.”⁴
646 2743 719 2802 Ilaec
727 2758 803 2801 certe
813 2743 886 2801 male
895 2744 1039 2803 cohaereut
1049 2764 1114 2804 cum
1128 2744 1253 2818 hisquae
1263 2745 1306 2805 de

108 2842 190 2918 lapsu
202 2842 265 2920 ejus
279 2841 461 2900 reseruntur.³
500 2840 546 2899 De
560 2841 816 2900 Honorioconstal
829 2859 895 2899 eum
910 2841 1015 2899 nullam
1029 2841 1188 2901 solemnem
1199 2837 1304 2901 defini·

110 2939 223 2996 tionem·
231 2937 355 2997 edidisse
370 2938 406 2996 de
420 2957 478 2997 una
490 2930 632 2997 uoluntate
646 2939 676 2996 iu
691 2937 827 3006 Christo;
849 2936 900 2995 sed
921 2939 1022 3015 Sergio
1037 2938 1308 3018 Constantinopoli·

104 3018 176 3090 'tane
188 3034 352 3108 patriarche
366 3036 588 3111 rescripsissent
601 3035 636 3093 de
651 3035 799 3108 questione
814 3042 880 3091 tuuc
894 3033 1077 3112 adeoagiteta
1091 3037 1231 3095 sileretur.
1268 3039 1307 3097 Si

23 3122 34 3181 'i
110 3127 196 3205 igitur
217 3144 281 3185 eum
298 3128 416 3186 aSexta
440 3128 560 3205 Synodo
579 3130 741 3188 damnatum
764 3140 907 3202 tamquam
928 3114 1094 3193 hereticum
1118 3130 1303 3205 censeamus,

38 3236 42 3243 '
109 3235 194 3304 prout
207 3223 301 3282 serunt
313 3223 376 3301 ejus
391 3235 461 3292 acta,
474 3223 624 3283 dicendum
639 3226 738 3284 Patres
753 3224 828 3284 illius
841 3225 953 3304 Synodi
965 3227 1146 3290 existimasse
1160 3248 1228 3290 eum
1243 3233 1307 3291 ani·

111 3341 160 3383 mo
174 3321 307 3407 heretico
322 3339 407 3398 prava
418 3322 511 3398 Sergii
525 3321 644 3379 consilia
657 3321 781 3379 fovisse:
797 3323 898 3395 quoin
908 3323 1018 3400 judicio
1031 3343 1083 3384 eos
1097 3344 1220 3404 errasse,
1233 3346 1307 3405 pace

74 3460 85 3505 ..¹
111 3440 221 3489 eorum,
236 3420 304 3478 licet
316 3418 444 3495 opinari:
471 3417 522 3477 sed
536 3419 642 3495 scripta
666 3418 728 3495 ipsa
753 3418 835 3495 plane
858 3420 963 3479 nullam
988 3423 1135 3482 continent
1156 3423 1304 3499 heresim,

113 3517 220 3575 nullam
234 3528 442 3590 quamcumque
454 3515 521 3574 fidei
535 3514 740 3589 definitionem.
782 3516 846 3573 Alia
860 3516 1055 3596 plurimaque
1066 3519 1307 3597 objiciuntur'mx

77 3628 86 3713 ξ
112 3612 198 3670 ullum
214 3613 398 3713 preselemnt
410 3611 614 3680 difficultatem,
629 3631 694 3671 nam
709 3611 744 3669 de
769 3613 852 3670 rebus
865 3613 953 3689 gestis
974 3615 1158 3686 Pontificum,
1179 3619 1229 3677 vel
1242 3639 1308 3679 sen·

79 3682 87 3751 l
114 3711 209 3769 tentiis
224 3705 284 3767 'suis
298 3711 425 3788 privatis,
437 3730 495 3770 non
509 3711 609 3788 agitur,
624 3709 677 3768 sed
687 3709 722 3768 de
731 3709 907 3768 solemnibus
917 3711 985 3770 fidei
999 3702 1226 3777 definitionibus.

86 3804 91 3841 ³
156 3806 224 3866 Non
238 3806 392 3866 diffitemur
412 3827 475 3867 eam
489 3809 571 3868 uobis
591 3808 705 3866 insitam
728 3826 793 3866 esse
814 3808 981 3868 senteutiam
997 3809 1147 3872 Christum
1170 3832 1225 3875 sua
1246 3835 1310 3877 oua·

148 4036 183 4098 (l)
197 4034 271 4084 Luce
284 4039 334 4087 rrii
352 4040 398 4088 32:
415 4041 569 4103 “aliquando
578 4041 726 4090 conversus”
737 4059 765 4094 σι·
776 4057 836 4093 ποτε
849 4042 986 4109 ἰπιπρίιας
997 4049 1012 4072 ‘⁶
1021 4049 1152 4108 tuquoque
1164 4048 1224 4096 olim
1239 4051 1312 4101 vicis.

117 4119 164 4170 sim
181 4117 300 4168 confirma
312 4120 399 4171 fratros
420 4124 498 4172 tuosJ'
530 4124 643 4175 Grotius:
662 4129 897 4193 entoapopsteloan
910 4129 959 4176 xxi
975 4129 1100 4193 significat
1117 4141 1263 4185 convertere
1283 4153 1313 4186 se

21 4254 25 4259 ,
117 4200 277 4266 respiciendo,
288 4208 312 4250 st
323 4203 466 4268 inspectoris
476 4207 629 4272 vigilantiam
641 4218 696 4275 epte
705 4210 835 4276 designat'
830 4229 856 4262 m
864 4212 939 4261 Lucae
950 4212 1026 4262 citato
1037 4215 1187 4266 testimonio.

154 4287 190 4351 (Ξ)
203 4292 233 4337 ⁸0
245 4308 287 4353 μιν
300 4290 329 4357 δη
341 4292 459 4360 ιικνφίρος
470 4308 514 4362 τις
523 4301 657 4363 αληὲιιας
644 4319 713 4367 γινι
706 4301 774 4360 5ri5

157 4375 210 4434 (3)
204 4390 301 4429 ιιιαιικι
313 4396 357 4442 μιν
367 4377 484 4446 &seipsos
475 4399 484 4426 e
495 4384 629 4444 §senices

154 4459 190 4519 (i)
201 4460 272 4523 Apol.
282 4460 305 4509 2.
314 4461 360 4510 sub
371 4461 453 4513 finem.

155 4548 191 4609 (5)
204 4546 282 4612 Epist.
294 4546 325 4596 ad
334 4547 402 4597 Sciit
414 4550 488 4599 eitam
499 4561 607 4616 rpentes.
636 4554 698 4605 Vide
708 4557 772 4608 Ae'a
783 4557 826 4606 SS.
835 4557 908 4608 Tem.
917 4558 948 4608 vi.
959 4559 991 4610 ad
1000 4560 1066 4610 diem
1077 4561 1110 4610 2³
1122 4563 1286 4629 Septembris.
