2738 5032
302 250 357 311 oa
379 244 707 311 scarruomnun
727 216 1039 305 msrrnarrorm.
1127 326 1131 335 Ι
1212 241 1271 299 aro

84 408 217 471 “Nolito
237 418 334 486 putare
355 409 490 484 quoniam
509 408 576 466 veni
606 405 716 464 solvere
739 403 843 481 legem,
865 412 912 461 sut
931 402 1102 480 prophetase
1123 418 1181 459 non
1203 398 1269 458 veni

81 509 205 579 solvere,
220 506 272 565 sed
286 495 451 584 adimplere.
490 506 584 564 Amen
601 503 709 579 quippe
728 501 793 560 dioo
806 502 897 568 vobis,
919 500 1009 559 donee
1028 508 1155 558 transeat·
1169 497 1270 555 caelum

64 596 66 599 ’
83 615 113 664 et
127 616 202 663 terra
213 604 271 662 iota
283 623 372 665 unum
386 613 433 661 aut
441 622 514 661 unus
526 621 600 678 apex
613 620 671 659 uon
680 599 855 676 praeteribita
865 597 939 674 lege,
951 597 1042 655 donee
1051 597 1148 656 omnia
1155 592 1271 653 fiant.'’²

84 702 159 769 Qum
181 701 265 778 igitur
290 710 371 758 tantae
394 711 459 761 suut
478 699 627 766 firmitatis,
650 707 713 754 ante
732 705 774 754 tot
793 695 896 754 saecula
915 694 1057 772 praediota,
1078 694 1173 752 Deum
1195 703 1270 751 certe

84 799 247 856 habuerunt
259 807 411 864 auctorem,
428 795 545 853 Christo
559 789 687 869 docente.
727 793 796 852 Ideo
818 800 898 868 airam
927 790 1117 849 arroteritatem
1145 791 1271 868 Scriptu-

85 914 183 957 rarum
195 906 321 969 veterum
336 893 475 971 appellato
486 894 648 954 testimonio
662 892 820 968 saepissime
835 890 982 967 allegavit:
1013 898 1031 925 ‘⁶
1042 890 1075 946 Si
1088 891 1165 948 enirn
1178 888 1273 948 erede·

85 992 155 1051 retis
181 991 295 1066 Moysi,
321 990 472 1051 ¹crederetis
497 989 613 1053 forsitan
637 997 665 1046 et
688 989 776 1046 mihi:
806 987 841 1045 de
868 1006 914 1045 me
941 987 1018 1045 enim
1043 986 1090 1044 ille
1111 986 1273 1064 scripsit”¹

87 1086 265 1164 “Incipiens
277 1107 294 1144 a
307 1087 413 1164 Moyse
427 1096 456 1144 et
469 1072 600 1145 omuibus
614 1085 771 1162 prophetie,
786 1085 1016 1161 interpretabatur
1030 1084 1085 1141 illis
1098 1084 1127 1142 in
1142 1086 1274 1144 omnibus

81 1181 255 1260 Scripturis,
271 1202 333 1256 quae
342 1182 404 1241 de
396 1202 460 1260 ipso
474 1192 561 1240 erant·
564 1181 597 1217 ”⁸
639 1191 657 1218 ‘⁶
668 1182 795 1245 Necesse
808 1193 851 1239 est
864 1181 976 1258 impleri
990 1181 1086 1239 omnis
1096 1200 1159 1254 quae
1170 1183 1275 1259 scripta

88 1281 199 1341 suntin
213 1280 280 1357 lege
290 1280 399 1357 Moysi,
414 1289 443 1338 et
456 1279 612 1371 prophetis,
627 1290 655 1337 et
669 1279 800 1336 Psalmis
806 1277 841 1336 de
857 1298 911 1336 rne.
915 1278 950 1312 ”⁴
963 1278 1131 1336 vaticinia
1144 1279 1276 1355 praeelara

90 1378 128 1436 ad
137 1377 237 1439 Deum
250 1377 411 1439 necessario
430 1376 555 1439 referri
544 1395 605 1461 jam
621 1368 752 1443 vidimus,
768 1375 889 1448 ideoque
904 1396 938 1434 ea
956 1376 1056 1434 saltem
1071 1375 1166 1434 divina
1187 1375 1278 1434 lorent
1314 1414 1317 1419 ‚

91 1473 288 1553 agnoscenda:
313 1473 462 1535 sedvooes
477 1471 586 1530 Christi
600 1492 700 1530 omnes
722 1470 882 1549 Scripturas
905 1472 1138 1550 complectuntur.
1180 1474 1275 1541 Quum

88 1572 175 1650 igitur
188 1571 250 1647 ejus
264 1571 412 1645 auotoritas
427 1569 541 1650 div-ina
530 1589 592 1646 Jam
606 1571 721 1646 probata
734 1571 781 1638 sit,
797 1590 866 1643 quas
881 1572 996 1666 agnovit
1007 1572 1159 1648 Scripturas
1174 1571 1278 1655 divine

95 1668 181 1726 etiarn
196 1667 332 1740 habendae
347 1676 421 1724 sunt.
658 1725 662 1731 ,
971 1721 974 1725 ,
1062 1716 1065 1721 ,

116 1765 266 1841 Apostoli
280 1728 507 1838 frequentissime
522 1764 733 1848 testimoniares
747 1765 886 1821 veteribus
888 1765 1054 1844 scripturis
1073 1732 1231 1836 laudarunt,
1246 1786 1281 1824 ea

98 1863 163 1921 Deo
177 1862 283 1920 auctori
298 1863 468 1920 tribuentes.
511 1861 620 1919 “Deus
635 1872 727 1921 autom
741 1880 805 1934 quae
820 1864 1015 1940 prenuntiavit
1028 1883 1079 1940 per
1099 1883 1131 1922 os
1141 1865 1293 1927 omnium.

98 1956 309 2036 prophetarum,
325 1958 382 2033 pati
404 1957 560 2024 Christum,
575 1958 616 2015 sic
634 1957 807 2034 implevit.'’⁵
847 1957 960 2026 “Quod
975 1961 1219 2036 ante’prorniserat
1231 1955 1282 2037 per
1334 1962 1353 1999 ·'

98 2053 251 2132 prophetas
276 2053 398 2111 suos-in
423 2054 575 2130 Scripturis
601 2054 759 2112 Sanctis.”⁰
800 2065 818 2092 ‘⁶
829 2056 897 2114 Non
911 2057 988 2117 enim
1004 2057 1144 2115 voluntate
1158 2058 1284 2116 humana
1338 2046 1357 2073 ¹²

100 2152 183 2210 allata
196 2160 250 2231 est
274 2149 422 2229 aliquando
447 2144 604 2226 prophetia,
629 2150 681 2228 sed
704 2152 811 2227 Spiritu
834 2141 938 2224 Sancto
963 2155 1091 2231 inspirati
1112 2155 1198 2214 loouti
1218 2164 1285 2214 sunt

101 2247 182 2305 Santi
197 2246 252 2324 Dei
266 2247 422 2305 homines.⁷
463 2247 600 2305 “Credita
613 2258 680 2306 sunt
692 2246 747 2306 illis
759 2249 904 2327 (Judaeis)
917 2252 1030 2324 eloquia
1038 2253 1140 2311 Dei.”⁸
1164 2315 1169 2325 ,
1181 2255 1285 2322 “Quia

101 2345 136 2402 ab
151 2343 267 2402 iulantia
277 2363 370 2409 sacras
384 2344 489 2409 litteras
504 2345 668 2420 hostique
691 2345 858 2424 te'possunt
870 2349 1017 2411 instruere
1039 2349 1073 2408 ad
1094 2336 1219 2431 salutern¹
1234 2351 1285 2431 per
1333 2348 1335 2355 ’

102 2441 189 2499 tidem
201 2453 266 2514 quae
281 2450 325 2499 est
337 2442 367 2500 in
382 2438 498 2515 Christo
511 2442 592 2503 lesu.
634 2442 736 2501 Omnis
751 2445 893 2521 ¹scripturi
906 2430 1040 2505 diuinitus
1061 2449 1195 2526 inspirata
1209 2450 1285 2508 utilis
1297 2426 1299 2435 Ι

102 2548 147 2597 est
160 2537 196 2595 ad
209 2537 415 2597 docendum.’‘⁹
453 2539 558 2613 Liquet
571 2541 656 2616 igitur
670 2539 887 2610 Christifideles,
904 2561 984 2617 aeque
1005 2565 1037 2604 aa
1056 2545 1184 2616 Judaeos,
1199 2547 1285 2607 libros

70 2670 74 2677 ’
104 2638 169 2696 illos
183 2636 318 2709 divinitus
333 2638 683 2717 conscriptoshabuisse..
706 2639 850 2711 Equidem
874 2641 904 2697 in
927 2642 964 2715 iis
984 2638 1091 2718 passim
1112 2642 1288 2719 reperiuntur

53 2805 56 2808 Α
105 2733 162 2792 Dei
172 2733 254 2809 jussa
267 2742 298 2793 ut
311 2732 432 2808 plurima
445 2732 549 2808 scripto
563 2727 777 2793 mandarentur:
820 2744 839 2770 ‘⁶
850 2736 947 2792 Sariba
959 2736 1013 2815 hoo
1025 2739 1061 2795 ob
1072 2752 1287 2800 monumentum

70 2890 72 2894 ,
104 2832 134 2889 in
148 2829 279 2888 1ἰ1ιιο.”1ο
302 2829 444 2893 “Scribe
459 2828 509 2886 tibi
522 2832 618 2886 omnia
631 2819 715 2886 veiha
729 2848 791 2902 quae
810 2830 920 2888 loeutus
935 2850 998 2889 sum
1018 2833 1053 2889 ad
1065 2843 1102 2902 te,
1118 2835 1147 2892 in
1158 2834 1290 2894 libror’ss

106 2927 125 2986 J
127 2924 271 2984 udaeorum
286 2924 396 2983 traditio
410 2920 444 2982 de
456 2925 593 2994 librorum
607 2925 736 2982 illorum
729 2927 921 3001 inspiratione,
933 2928 1095 3010 testimonio
1109 2927 1287 3008 scriptorum,

107 3024 261 3092 miraculis,
276 3024 320 3083 vel
335 3023 474 3082 vaticiniis
489 3023 632 3097 firmant,
624 3023 722 3081 innixa
736 3034 788 3092 est,
799 3043 883 3098 quam
896 3023 1066 3089 Christianis
1081 3032 1290 3142 commendarit

109 3121 219 3183 Christi
232 3131 261 3179 et
273 3121 473 3199 Apostolorum
488 3121 676 3183 auotoritas·
726 3133 728 3137 ·
773 3184 775 3188 ,
814 3142 816 3150 ’
898 3136 900 3140 ’

148 3217 252 3276 Libros
272 3219 375 3288 veteris
403 3217 581 3292 Testamenti
606 3237 643 3277 ex
664 3219 804 3296 Spiritus·
814 3221 911 3300 Sancti
939 3225 1122 3301 inspiratione
1150 3227 1290 3302 prodiisse

113 3295 340 3374 Christianorum
355 3315 407 3374 luit
420 3327 556 3394 perpetua
568 3316 649 3401 fides,
691 3312 723 3375 S'.
740 3317 884 3379 Caeneus
905 3321 1060 3404 Ronanus,
1076 3324 1110 3381 ad
1126 3324 1291 3385 Corinthios

108 3412 256 3480 scribens,
266 3413 385 3488 Spiritui
405 3416 509 3471 Sancto
524 3431 557 3469 ea
570 3432 633 3498 quae
654 3414 720 3473 citat
733 3433 771 3472 ex
792 3416 945 3492 Soriptmis
969 3421 1110 3477 veteribus
1132 3421 1294 3480 testimonia
1334 3458 1344 3481 a

89 3510 226 3567 tribuit:
254 3509 362 3578 “Dicit
391 3511 496 3586 quippe
522 3509 643 3585 Spiritus
671 3511 808 3580 Sanctus:
839 3514 937 3572 ‘Non
953 3516 1102 3599 glorietur
1121 3519 1293 3595 sapiensin

110 3608 254 3685 sapientia
273 3627 324 3666 sua
358 3610 374 3645 l*
405 3610 421 3646 *
455 3610 497 3645 ‘⁸‘
493 3608 554 3665 Ait
583 3609 660 3666 enim
685 3609 805 3668 Sanetus
830 3611 948 3679 Serm'o:
961 3615 1066 3695 Super
1089 3621 1175 3688 q'uem
1204 3619 1294 3696 respi-

114 3706 200 3774 ciam,
214 3707 270 3764 nisi
283 3725 370 3782 super
383 3715 571 3788 mansuetum,
586 3718 614 3764 et
628 3708 764 3779 quietum,
779 3717 807 3765 et
820 3717 984 3768 trementem
999 3713 1112 3785 eloquia
1124 3717 1222 3774 meal”
1226 3722 1248 3754 ²⁹
1261 3719 1292 3778 S

111 3804 257 3869 Jusrrnus
280 3813 378 3861 monet
396 3803 598 3880 prophetarum
610 3806 711 3862 verbs
715 3813 803 3864 “non
823 3809 857 3864 ab
871 3804 917 3866 his
932 3810 982 3882 qui
1000 3809 1086 3869 afflati
1100 3808 1225 3898 suerunt,
1243 3817 1295 3877 sed
1338 3846 1343 3857 =

90 4077 92 4085 ⁶
246 4067 283 4130 (1)
296 4067 367 4117 Mart.
378 4084 402 4117 v.
414 4068 452 4121 18.
503 4092 505 4096 ·
714 4066 923 4132 rathamim*
1052 4132 1054 4139 ,

247 4151 282 4212 (2)
293 4150 365 4200 Joan.
376 4167 398 4199 v.
409 4151 447 4200 46.
562 4193 565 4196 ,
715 4144 755 4215 (9)ι
764 4153 790 4204 lI
802 4156 912 4206 Timui.
923 4158 958 4207 15.

233 4233 287 4295 ¹(3)
297 4233 357 4283 Leo.
368 4234 432 4282 xxiv.
442 4233 481 4284 27.
535 4258 538 4264 ·
715 4236 974 4299 posnaniam.

251 4318 287 4380 (4)
305 4316 419 4369 Ibidtl.
583 4350 586 4354 >
636 4338 638 4344 ·
692 4320 958 4384 -,(tt)lerannxxx.2.
1006 4365 1040 4393 ·.

249 4403 285 4463 (5)
296 4402 354 4450 Act.
367 4401 401 4449 tit.
413 4401 450 4454 18.
494 4462 500 4481 ,-
559 4397 561 4400 ’
624 4402 627 4406 ’
711 4405 1026 4470 (ts)Ep.1.ad00r.t.1a.

250 4483 424 4545 (ononis.
535 4528 537 4533 .
591 4544 593 4548 ,
691 4487 721 4540 ᾔ
942 4495 986 4534 u
1031 4536 1063 4544 ,,
1135 4476 1202 4527 ι··«

145 4580 148 4585 ⁴
219 4566 466 4633 :animaist
882 4567 884 4572 ’
