2738 5032
287 241 466 306 LEGIBUS
486 244 803 307 PENTATEUCHO
828 247 1078 309 CONTEN'I'IS.
1235 254 1274 311 46
1303 306 1308 320 ,

91 402 222 462 Christus
239 405 389 473 Dominus,
405 405 556 477 docuitque
567 405 601 463 ad
616 407 694 482 ipsos
709 404 916 466 infensissimos
931 409 1027 467 hostes
1040 422 1209 486 praeceptum
1224 429 1274 467 ex·

89 501 174 572 tendi,
189 522 246 574 qua
265 522 296 560 re
316 504 411 563 omnia
431 502 616 560 Ethnicorum
632 502 799 561 documenta
812 504 895 581 longe
909 508 1061 582 superavit.
1103 506 1199 564 Licuit
1211 505 1272 580 qui·

89 595 150 656 dem
165 598 276 671 Judreis
285 599 379 657 odisse
395 612 534 671 tamquam
548 599 603 657 Dei
614 601 708 657 hostes
722 586 910 668 Chananaecs,
921 604 949 659 in
961 622 1032 677 quos
1042 603 1143 660 divinae
1153 604 1272 680 justitiae

86 696 208 754 ministri
222 697 304 754 electi
319 709 393 763 suut,
409 714 480 769 quos
493 708 587 755 tamen
600 712 742 770 tamquam
754 698 884 757 homines
894 700 1017 757 humano
1027 700 1128 758 affectu
1139 700 1269 777 amplecti

86 793 233 853 debebant.
274 794 406 863 Adveoas
421 807 495 852 certe
509 793 667 870 diligendos
683 797 830 872 perspicus
846 798 1026 872 praecipiebat
1037 798 1095 864 lex,
1107 809 1136 856 et
1146 798 1269 857 inimicis

83 892 247 950 concivibus
259 892 417 950 dilectionis
432 890 525 953 officia
538 892 737 967 persolvenda:
781 906 800 930 ⁸⁶
811 892 842 951 st
857 885 1012 952 occurreris
1024 897 1090 954 bovi
1098 896 1206 954 inimici
1218 896 1270 964 tui,

85 1000 128 1046 aut
139 988 223 1047 asino
237 991 349 1051 erranti.
363 989 448 1047 reduc
459 988 572 1047 ιιιιιιι.”1
611 988 731 1048 Caeteris
745 991 806 1048 baec
820 990 914 1049 officia
927 1011 984 1049 ιιοιι
1003 992 1271 1053 commendabantur

84 1070 220 1152 sarienda,
234 1080 421 1157 quianullum
436 1103 500 1142 cum
515 1086 557 1141 eis
578 1087 778 1145 commercium
793 1086 895 1145 habere
909 1086 1056 1155 debebant,
1071 1107 1107 1146 ue
1128 1089 1158 1146 in
1171 1107 1269 1147 eorum

84 1180 149 1238 titia
162 1193 191 1239 et
204 1181 431 1258 superstitiones,
446 1182 586 1258 exemplis
601 1183 704 1261 pravis,
720 1184 902 1241 traherentur.
944 1184 1006 1242 Lex
1027 1185 1139 1242 talionis
1154 1185 1271 1260 jubebat

60 1300 63 1305 ·
84 1279 167 1338 uittam
182 1299 237 1356 pro
245 1272 304 1337 ¹rita
317 1278 406 1348 fundi,
419 1280 532 1351 oculum
547 1282 607 1338 erui
615 1300 669 1357 pro
681 1282 763 1340 oculo
780 1282 882 1359 injuria
891 1293 981 1349 eruto,
991 1281 1104 1340 dentem
1112 1302 1164 1359 pro
1174 1282 1269 1349 deute,

85 1383 115 1432 ut
126 1376 230 1443 timore
244 1363 339 1452 poeriae'
350 1376 464 1435 violenti
478 1377 683 1444 cohiberentur,
699 1388 727 1436 et
740 1378 841 1436 modus
855 1391 1006 1456 poneretur
1022 1379 1185 1455 injuriarum
1206 1379 1269 1437 ulti·

85 1473 146 1531 oui:
163 1472 242 1545 quod
255 1484 349 1530 tamen
363 1462 523 1530 auctoritate
538 1474 658 1549 publica,
673 1493 729 1532 non
744 1494 795 1550 pro
806 1476 944 1552 cujusque
958 1475 1083 1543 arbitrio,
1095 1485 1154 1534 erat
1167 1475 1270 1533 lacien-

84 1560 157 1629 dum.
200 1570 268 1646 Ipsa
286 1569 407 1628 charitas
428 1570 589 1637 christiana,
613 1589 674 1642 quae
694 1569 780 1628 donat
798 1573 920 1640 veniam,
941 1592 998 1633 uon
1014 1571 1132 1649 impedit
1151 1572 1268 1649 justitias
1289 1620 1291 1633 .

84 1668 258 1736 exercitium,
270 1652 382 1740 quando
390 1669 494 1732 bonum
506 1669 654 1744 publicum
668 1667 891 1747 delinquentium
904 1671 1080 1746 punitionem
1091 1671 1211 1759 erigit.
1208 1671 1268 1729 Eo

83 1774 173 1823 autern
188 1775 302 1841 praestat
314 1763 362 1829 lex
376 1763 617 1830 nostraJudatca,
631 1764 706 1839 quod
721 1764 782 1822 hec
801 1765 910 1822 ulturos
930 1767 1013 1822 certis
1030 1766 1160 1823 cohibeat
1172 1766 1269 1824 (ιιιιιιι

83 1879 139 1929 eus,
154 1861 205 1918 illa
223 1860 326 1937 injuria
340 1873 468 1936 gravatos
483 1861 516 1918 ad
531 1861 697 1937 amphorem
711 1861 837 1919 hortetur
850 1844 1074 1927 beneficentiam,
1091 1861 1157 1937 jure
1172 1873 1267 1921 tsmeu

81 1955 154 2017 'baud
165 1956 277 2016 sublato
291 1958 409 2036 publicat
417 1959 501 2016 saluti
515 1958 690 2018 consulendi.
707 1949 710 1955 ’
732 1958 817 2027 Quod
837 1958 871 2019 ud
891 1958 989 2016 οάιιιιιι
1002 1957 1128 2016 omnium
1140 1960 1266 2034 gentium

82 2055 186 2123 attinet,
201 2055 272 2113 illud
291 2066 365 2112 certe
389 2056 465 2114 nulla
486 2056 549 2133 lege
569 2038 804 2132 praeoipiebatur;
820 2050 870 2114 se'd
888 2056 1010 2132 plurima
1028 2074 1044 2119 e
1063 2066 1159 2117 eontra
1172 2055 1267 2115 officia

78 2154 296 2233 injungebantur
308 2155 463 2230 peregrinis
476 2169 505 2212 et
519 2140 633 2212 advenis
647 2155 871 2233 persolvenda?-

122 2247 188 2328 obj.
202 2255 231 2306 2
255 2249 300 2306 De
314 2250 403 2307 servis
418 2251 452 2307 ab
466 2250 534 2307 hero
550 2251 690 2325 percussis
703 2251 848 2307 statuitur:
891 2256 910 2288 ⁶‘
920 2251 972 2308 Sin
985 2261 1079 2308 autem
1093 2251 1206 2310 unodie
1221 2252 1266 2311 vel

80 2345 188 2406 duobus
199 2336 424 2439 supervixerint,
429 2367 486 2406 non
500 2349 655 2424 subjacebit
668 2366 769 2423 poeuae,
785 2348 852 2421 quia
862 2349 982 2424 pecunia
993 2349 1068 2406 illius
1079 2361 1132 2406 est.
1135 2349 1169 2384 ”³
1210 2349 1265 2408 Re·

80 2457 185 2523 pugnat
200 2445 286 2504 bonis
304 2424 428 2502 moribus
448 2457 480 2502 ut
499 2446 631 2513 homines
651 2447 768 2504 aliorum
787 2446 954 2513 habeantur,
975 2448 1073 2504 instar
1081 2444 1265 2507 animantium

81 2542 233 2611 brutorum,
246 2554 275 2601 et
288 2562 404 2621 impune
418 2542 588 2600 occidantur
673 2578 676 2583 ·
1272 2558 1275 2563 '

100 2640 206 2721 desp.
229 2642 322 2700 Priori
329 2642 472 2699 versiculo
486 2642 581 2699 stamit
596 2642 727 2718 Moyses,
743 2642 798 2699 Dei
812 2642 937 2708 nomine,
953 2641 1054 2701 lterum
1072 2642 1172 2699 mortis·
1184 2657 1263 2723 reum

80 2735 250 2806 habendum,
263 2738 289 2796 si
303 2758 401 2796 servus
416 2756 567 2813 percussus
579 2739 673 2796 statim
687 2739 829 2804 moriatur,
846 2733 902 2810 quo
923 2755 1055 2813 magnum
1075 2737 1195 2802 froeuum
1216 2736 1265 2794 do·

82 2835 219 2893 minorum
233 2835 376 2906 uiolentiae
390 2814 496 2911 injecit.
512 2830 634 2900 ¹'Quum
648 2848 740 2908 tamen
754 2833 836 2891 facile
849 2833 1010 2908 contingere
1024 2842 1122 2907 posset
1141 2841 1171 2889 ut
1189 2832 1265 2889 servi

82 2931 329 3001 insolescerent,
307 2952 332 2990 st
346 2933 456 2993 domini
474 2932 637 2989 arctioribus
657 2932 769 3008 legibus
789 2916 825 2989 in
838 2929 984 3007 puniendo
995 2928 1261 3005 constringerentur,

84 3032 190 3089 tensuit
204 3031 273 3117 alias
287 3030 354 3091 satis
377 3031 411 3090 iis
419 3028 556 3091 Qconsutt
549 3014 612 3103 ipso
636 3039 824 3113 metuentium
838 3027 982 3101 amittendi
997 3026 1127 3094 servitia3
1143 3026 1263 3101 ideoque
1308 3038 1313 3045 '

84 3120 334 3205 sitiupervi'xerint
342 3144 428 3205 urium
444 3124 491 3182 aut
504 3125 621 3183 alterum
642 3124 727 3192 diem,
744 3104 849 3182 nullam
870 3124 1003 3199 imposuit
1019 3142 1139 3199 pettam.
1179 3124 1262 3192 Quod
1298 3106 1301 3113 ¹

84 3220 128 3280 eos
138 3224 284 3299 rocaverit
296 3220 445 3300 pecuniam
460 3207 576 3278 suorum
589 3212 782 3288 dominorum,
792 3221 907 3297 respicit
921 3221 1065 3277 utilitatem
1080 3239 1115 3277 ex
1136 3221 1173 3276 iis
1187 3239 1265 3278 com·

84 3321 265 3395 parandam‚'
258 3338 290 3379 m
303 3328 336 3378 ea
350 3318 442 3377 rerur'u
457 3319 618 3376 conditione
632 3338 694 3391 quae
710 3332 775 3376 tunc
793 3330 862 3385 arat,
877 3330 906 3374 et
919 3336 980 3389 qum
1002 3317 1086 3373 etiam
1100 3316 1265 3390 impressu·-

83 3416 176 3475 tiarum
191 3417 294 3477 alicubi
308 3398 457 3473 existit.
495 3440 502 3450 ν
780 3462 784 3469 ,
852 3462 855 3467 .

102 3502 552 3593 Olp.3.Quaedecr1m1ntbus
567 3524 663 3566 contra
677 3522 800 3568 naturam
814 3521 912 3566 statutt
925 3509 982 3573 lex
998 3468 1123 3563 moribus
1138 3525 1262 3565 currum

83 3602 204 3686 pendis,
205 3611 300 3687 potius
311 3627 403 3682 qoam
398 3584 596 3669 emendandis
604 3619 669 3665 sunt
679 3608 789 3674 idonea,
803 3627 867 3665 nam
878 3606 1003 3662 ttotitiam
1012 3603 1261 3680 flagitiorumcuua

82 3726 180 3786 magno
195 3696 492 3783 animar'irmperinulo
507 3705 661 3781 ingerunt.⁴
680 3698 841 3762 Dis'crimen
851 3709 943 3762 autom
958 3696 1260 3785 interpaenamu'itiau·

83 3805 114 3862 tis
127 3806 250 3882 puellam
266 3824 328 3876 quae
338 3803 486 3869 servarit,
501 3812 529 3858 et
542 3808 604 3858 eain
619 3820 681 3873 quae
696 3802 733 3858 sit
744 3801 841 3868 libera,
856 3810 952 3857 contra
963 3799 1157 3871 bonoemores
1171 3803 1239 3855 est⁶

116 3900 208 3978 Respa
228 3898 388 3983 criminum
402 3898 513 3967 illorum
527 3898 674 3972 catalogus
684 3916 740 3954 non
754 3894 913 3953 necessario
935 3895 965 3953 iu
981 3892 1111 3965 manibus
1131 3895 1267 3955 omnium

83 3996 250 4066 habebatur;
264 4017 318 4055 nec
338 3997 413 4055 enim
415 3996 498 4053 adeo
520 3982 695 4070 multiplicati
716 4007 782 4061 sunt
802 3993 924 4062 codices,
939 4010 992 4049 nec
1009 3992 1169 4067 junioribus
1188 4009 1259 4068 prm·

82 4097 175 4175 sertim
188 4095 268 4153 licuit
286 4094 389 4152 librum
408 4093 539 4159 Levitici,
555 4112 611 4164 quo
632 4092 763 4168 pleraque
784 4091 950 4156 referuntur,
970 4089 1072 4165 legere.
1099 4088 1257 4148 Caeterum

82 4210 172 4267 poenae
193 4176 250 4250 illis
275 4190 411 4271 appositas¹
425 4190 563 4251 terrebant
576 4208 636 4256 eos,
652 4208 723 4261 quos
745 4189 843 4246 notitia
861 4185 1135 4261 rationispeccandi
1151 4198 1259 4262 poterat
1290 4183 1292 4192 '

80 4286 198 4356 allicere,
212 4287 281 4344 satis
294 4285 375 4343 facile
389 4283 499 4354 aliunde
516 4283 695 4356 acquirenda.
735 4283 896 4343 Discrimen
908 4293 1003 4343 autem
1017 4277 1212 4358 interponam
1227 4283 1260 4339 in

61 4497 63 4500 >
113 4464 242 4522 llExod
255 4479 324 4511 xxm
376 4422 378 4427 ¹
699 4434 858 4586 pitinate.

114 4527 148 4587 (3)
165 4528 227 4578 Vide
238 4526 406 4591 spedatieric
417 4522 439 4576 1.
450 4527 539 4592 §lap
540 4526 608 4576 .6.6

116 4595 140 4654 ιι
142 4599 151 4656 )
168 4593 244 4645 Exod.
254 4594 293 4643 at.
303 4593 343 4642 21

194 4681 268 4763 Vor..
279 4679 368 4764 f¹†⁸·

709 4527 734 4588 5)
752 4525 810 4575 Lev.
822 4523 911 4574 tutu
993 4555 995 4561 ·
