2738 5032
418 276 475 343 ue
498 250 725 341 samonam
745 277 987 340 nocentum.
1233 274 1294 337 ers

109 426 301 515 in'comperto
314 445 366 495 est.
408 436 488 514 Ergo
501 436 654 497 infallibilis
669 434 865 496 Conciliorum
877 438 1129 519 OEcumenicorum
1143 434 1293 495 arctamur

108 534 225 594 secutis
238 535 384 621 retroactis
397 553 455 595 non
469 544 513 592 est
525 535 627 611 agnita.
641 574 644 579 -

153 630 241 708 Resp.
263 629 428 691 Concilium
441 629 785 706 Constantinopolitanum
805 630 990 699 11.,an.553
1010 642 1148 700 coactum,
1164 651 1221 691 uon
1241 629 1294 689 luit

111 716 346 795 OEcumeuicum,
360 745 426 789 nam
440 726 520 804 Papa
533 726 666 803 vigilius,
682 725 930 803 Constantinopoli
944 728 1011 786 licet
1024 738 1090 786 tunc
1110 726 1227 805 degens,
1241 744 1293 785 no·

111 824 169 905 luit
182 825 328 892 interesse,
342 843 395 885 nec
410 823 524 884 aderant
536 825 585 899 qui
600 823 763 883 Occidentis
783 823 929 883 Ecclesiae
944 835 1182 901 representarent
1223 822 1295 883 Pro·

109 919 258 998 grediente
286 930 380 981 tamen
407 930 534 997 tempore
561 932 666 979 nomen
688 921 930 981 etauctoritatem
959 920 1140 979 OEcumenici
1166 919 1294 979 Concilii

108 1018 401 1096 obtinuit„Pontificis
412 1037 530 1077 assensu
545 1019 604 1077 suis
618 1019 743 1096 prestito
752 1018 884 1087 decretis,
896 1038 959 1091 quae
973 1019 1106 1096 paulatim
1121 1018 1294 1077 Pontificum

110 1132 201 1191 opera
215 1115 290 1192 apud
310 1116 455 1175 Ecclesiae
469 1115 632 1174 Occidentis
647 1126 712 1175 sunt
725 1127 853 1192 excepta.
895 1115 1144 1192 Haecfoecouomia,
1159 1115 1296 1192 prudens·

112 1210 360 1291 que'indulgentia
373 1213 437 1271 ideo
451 1212 575 1271 adhibita
589 1223 641 1282 est,
656 1213 722 1287 quia
736 1213 775 1271 de·
792 1211 861 1271 fidei
875 1212 1037 1273 definitione
1058 1211 1132 1270 baud
1152 1212 1294 1289 agebatur,

110 1308 169 1368 sed
181 1307 217 1367 de
230 1308 318 1369 tribus
332 1309 472 1387 capitulis,
487 1329 538 1367 seu
552 1310 674 1386 scriptis,
690 1329 752 1383 que
766 1310 796 1369 in
810 1309 927 1397 Oriente
941 1309 1094 1370 offensioni
1105 1319 1184 1369 erant
1203 1309 1240 1368 ob
1253 1328 1305 1369 er··

110 1423 194 1465 rores
199 1398 304 1479 'quibus
316 1405 467 1473 scatebant,
480 1406 509 1464 in
521 1394 674 1465 Occidente
685 1408 751 1464 verb
762 1408 808 1465 vix
820 1407 1064 1485 pervulgabantur,
1074 1416 1102 1465 et
1110 1405 1146 1466 ob
1156 1415 1295 1476 auctores,

113 1502 168 1576 qui
179 1502 564 1579 *communionem'Ec'clesiae
579 1503 608 1560 in
624 1500 755 1587 Concilio
770 1502 998 1569 Chalcedonensi
1012 1503 1107 1583 adepti
1117 1513 1205 1574 erant,
1220 1501 1297 1563 bsud

111 1598 198 1657 facile
221 1599 454 1659 existimabantur
473 1614 567 1683 errore
587 1597 702 1669 insecta,
741 1599 856 1659 Restitit
880 1599 995 1668 idcirco,
1020 1600 1172 1678 imprimis,
1196 1618 1297 1661 eorum

114 1695 291 1756 damnationi
305 1696 440 1772 Vigilius,
453 1684 557 1757 verens.
568 1714 610 1767 ne¹
625 1681 749 1755 Consilii
769 1695 1012 1773 Chalcedonensis
1026 1699 1180 1758 auctoritati
1194 1699 1297 1759 vulnus

60 1844 67 1850 .
107 1793 211 1853 inferri
225 1793 381 1857 videretur:
403 1794 454 1853 sed
468 1793 659 1853 Orientalibus
680 1793 819 1877 propositi
835 1793 881 1852 sui
895 1793 1050 1879 tenacibus,
1067 1795 1144 1870 justa
1162 1796 1298 1857 librorum

113 1892 287 1975 proscriptio
301 1892 336 1951 ab
350 1892 418 1969 ipso
432 1892 572 1952 Pontitice
586 1901 637 1967 est,
643 1892 816 1977 confirmata,
831 1901 860 1950 et
872 1892 927 1959 sui,
939 1900 968 1949 et
982 1892 1160 1967 sequentium
1180 1892 1299 1953 Pontifi-

113 2005 187 2057 cum
201 1987 349 2054 industria,
360 1996 404 2045 ert
415 1987 499 2045 etiam
511 1987 547 2045 'ab
557 1987 785 2047 Occidentalibus
796 1987 891 2065 agnita
904 1986 1053 2045 Ecclesiis.
1088 1986 1148 2065 Ipsi
1159 1987 1300 2067 Episcopi

114 2085 217 2167 Istrirs
227 2093 256 2143 et
274 2083 468 2173 venetiarum,
484 2085 533 2156 qui
546 2085 716 2169 sepius'tria
729 2086 850 2163 capitula
863 2086 893 2145 iu
913 2086 973 2165 suis
994 2078 1179 2171 concentibus
1200 2085 1300 2173 proba·

106 2191 188 2249 rant,
203 2179 315 2239 tandem
329 2180 478 2254 aliquando
493 2174 719 2249 adconcordiam
731 2173 797 2243 cum
809 2185 918 2255 ceteris
931 2184 1087 2263 Episcopis
1098 2184 1209 2243 adducti
1223 2194 1300 2243 suut.

108 2276 203 2345 Quod
216 2277 251 2336 ad
265 2277 422 2344 secundum
442 2277 605 2336 Concilium
628 2279 778 2338 Nicaenum
800 2282 905 2349 attinet,
921 2300 959 2340 ex
973 2284 1102 2342 versione
1124 2282 1300 2343 decretorum

110 2373 194 2434 haud
205 2383 333 2450 accurata
341 2370 467 2451 patribus
480 2362 779 2436 mmcofordiens‘ibus
791 2377 927 2447 exhibita,
938 2378 1042 2438 sactum
1053 2389 1106 2449 est,
1119 2390 1150 2438 ut
1162 2362 1302 2441 videretur
1365 2456 1368 2461 Ι

110 2477 225 2537 cultum
240 2475 336 2535 latrice
349 2475 542 2549 exhibendum
555 2477 725 2555 imaginibus
740 2478 899 2554 probasse,²
913 2478 988 2552 qood
1003 2481 1192 2541 verosimilius
1202 2479 1302 2541 redde·

112 2577 198 2634 batur
228 2593 266 2632 ex
298 2574 397 2632 ritibus
420 2573 623 2643 Orientalibus,
646 2575 711 2633 thus
733 2575 864 2660 adolendi
893 2576 1073 2654 imaginibus,
1098 2576 1302 2654 procumbendi

115 2691 214 2737 coram
223 2673 270 2740 iis,
282 2672 392 2745 aliaque
401 2671 533 2749 ¹faciendi,
548 2691 611 2745 qum
621 2666 860 2739 Occidentalibns,
872 2675 1028 2748 praesertim
1040 2654 1142 2741 Gallis,
1154 2684 1302 2740 nouerant

115 2765 263 2827 consueta.
305 2767 449 2825 Ceterum
462 2766 498 2824 de
510 2767 685 2826 aecumenica
697 2767 773 2825 illius
784 2766 909 2826 Concilii
925 2768 1037 2825 Nicaeni
1052 2768 1218 2826 authoritate
1233 2768 1302 2827 Oul-

113 2864 197 2925 lisin
208 2856 460 2928 ¹Francosordiensi
476 2847 621 2922 conventu
641 2861 769 2919 adunatis
783 2880 842 2919 uon
854 2862 1008 2930 constabat,
1030 2880 1096 2921 nam
1115 2860 1185 2921 illud
1199 2873 1302 2927 vocent

114 2978 222 3020 novam
243 2960 417 3027 Graecorum
439 2957 590 3034 Synodum
612 2955 869 3043 Constantinopoli¹
886 2956 1020 3017 habitam.
1062 2957 1110 3045 Eu
1129 2959 1300 3019 ¹auctoritate

114 3054 264 3117 Pontificis
273 3065 400 3115 coactum
410 3054 525 3137 quidem
534 3063 601 3122 erat,
612 3054 661 3127 qni
669 3038 798 3130 p'er'suos
807 3053 912 3130 legatos
925 3054 1028 3126 aderat,
1039 3075 1147 3131 suaque
1159 3058 1301 3127 munitum
1325 3100 1329 3108 f
1365 3053 1369 3125 l

114 3163 162 3212 est
175 3153 386 3231 approbatione,
400 3171 453 3211 uec
467 3161 561 3213 tamen
572 3152 635 3228 ejus
647 3148 760 3239 decreta
773 3151 936 3211 solemniter
950 3142 1123 3222 confirmata,
1139 3165 1168 3212 et
1181 3175 1232 3232 per
1243 3155 1299 3229 Oc·
1365 3130 1369 3259 l

116 3251 240 3312 sidentis
254 3252 401 3311 Ecclesiae
421 3250 597 3328 promulgata
613 3259 709 3318 eruum
725 3269 812 3324 quum
827 3251 906 3311 euim
918 3244 1154 3337 lcono'cla'starum
1170 3252 1257 3311 turbe
1270 3253 1302 3313 iu
1365 3271 1369 3336 i

118 3349 238 3409 Oriente
247 3349 311 3408 „sere
325 3334 527 3416 constitissent,
542 3349 733 3407 necessarium
755 3348 830 3409 haud
845 3350 937 3409 visum
958 3360 1012 3418 est,
1027 3370 1065 3429 eu,
1081 3360 1156 3409 tauta
1176 3368 1242 3409 cum
1255 3368 1302 3409 so·

45 3464 48 3469 ·
117 3447 263 3516 lemnitate
277 3447 370 3504 edere.
412 3445 490 3524 Hinc
504 3445 561 3523 lpsi
581 3444 725 3513 Pontificii
739 3445 822 3520 legati
838 3446 866 3502 in
882 3444 1032 3504 Conventu
1055 3445 1302 3511 Francosordieusi
1368 3486 1369 3489 =

115 3563 176 3604 nou
184 3538 295 3602 satisde
304 3543 387 3600 rebus
397 3542 483 3619 gestis
493 3540 600 3612 Nicaeae
611 3539 702 3599 edocti
714 3539 825 3598 luerunt
833 3551 864 3603 ut
874 3539 966 3601 Gallis
976 3542 1187 3619 reprobantibus
1200 3560 1301 3620 repug·
1361 3496 1369 3652 l

122 3640 350 3708 nareauderen't,
366 3638 501 3701 rolfelici
515 3644 729 3723 cum‘successu
744 3637 915 3703 resisterent.
956 3638 1100 3710 Equidem
1115 3658 1201 3712 quum
1224 3640 1302 3703 Galli
1365 3657 1366 3664 ¹

118 3737 248 3796 aritibus
271 3732 439 3810 quibusdam
456 3732 649 3804 'Orientalium
674 3732 863 3800 abhorrerent,
887 3743 917 3791 et
939 3732 1044 3793 idcirco
1066 3735 1140 3795 baud
1161 3725 1242 3797 facile
1265 3737 1301 3797 ad
1334 3700 1345 3797 l

117 3833 269 3912 Synodum
292 3833 440 3892 Nicaenam
465 3830 663 3908 excipiendam
684 3829 784 3891 adduci
809 3841 937 3907 possent,
952 3827 1117 3900 Pontifices,
1140 3835 1239 3907 quiin
1259 3834 1301 3895 rei
1336 3858 1341 3891 -z

117 3926 232 3995 summa
245 3920 294 3989 eds
309 3947 376 3989 curu
389 3927 579 4000 Orientalibus
592 3926 742 4011 convenire
756 3936 901 3996 nouerant,
917 3928 1008 4005 ipsius
1024 3929 1134 4005 Synodi
1149 3916 1301 4011 oecumeuiss
1334 3928 1339 3953 '¹

117 4014 184 4099 cmii
206 4025 402 4091 authoritatem
426 4023 740 4097 solemniori'qucdam
763 4022 878 4085 decreto
899 4012 980 4103 liaud¹
999 4025 1093 4085 statim
1117 4029 1301 4099 muniendam
1327 3956 1345 4177 >

99 4122 103 4129 ’
119 4124 327 4191 existimarunt,
341 4121 394 4181 sed
406 4122 527 4198 sapienti
541 4120 699 4183 mconomia
712 4121 758 4181 usi
771 4115 846 4191 sunt,
861 4121 960 4191 donec,
971 4142 1000 4185 re
1014 4123 1145 4198 eliquata,
1160 4143 1259 4191 omnes
1271 4126 1302 4187 in
1324 4180 1330 4219 ε

119 4220 240 4280 decretis
255 4220 311 4279 illis
326 4217 502 4295 excipiendis
516 4217 709 4293 convenerint:
750 4216 914 4278 Concilium
933 4217 1113 4281 truciacum
1135 4222 1211 4296 quod
1231 4221 1301 4299 obji·
1323 4226 1330 4317 ἱ

121 4316 205 4386 citur,
220 4315 444 4397 OEcumenicum
457 4315 539 4391 plane
553 4333 611 4373 nou
623 4323 691 4384 eret,
705 4333 758 4373 neo
772 4314 849 4373 euim
863 4304 1224 4417 Episcoptfflmuumerus
1243 4327 1302 4377 tan·
1323 4320 1332 4437 Ι

118 4426 182 4476 tum
196 4417 310 4485 sufficit,
323 4413 373 4474 red
386 4413 535 4473 etlibertas
547 4404 726 4482 decemendr,
742 4422 770 4470 et
785 4413 926 4489 pontificis
940 4400 1045 4477 summi
1059 4416 1177 4481 concors
1191 4415 1304 4477 animus

512 4591 548 4653 (l)
564 4589 627 4641 Vide
637 4590 700 4660 Cau.
710 4589 735 4641 ii.
750 4588 872 4655 franculi·
927 4550 930 4559 i
