2738 5032
89 303 127 358 so
361 280 367 287 '
471 295 527 356 nn
549 295 822 357 nocnirmus
842 297 900 357 nr

91 475 139 516 nm
162 457 306 524 erumnis,
321 456 425 529 quibus
447 456 603 533 subjacent,
623 455 665 512 nti
685 463 806 532 possunt
829 456 924 514 insui
946 457 1115 534 proiectum,
1138 459 1282 536 patienter

88 551 264 611 sustinendo.
306 551 412 610 Clades
434 551 661 610 chananaeorum
682 553 719 609 ob
740 571 837 610 eorum
859 553 964 630 tlagitia
985 554 1082 613 divino
1105 555 1219 614 decreta
1234 566 1280 614 est

83 649 211 727 judicio:
227 649 252 706 si
264 656 356 707 autem
370 650 407 707 ob
418 649 534 726 injurias
549 658 678 723 acceptas
693 651 821 706 nationes
837 661 935 724 putent
943 650 1050 727 justam
1065 652 1120 708 sibi
1130 671 1196 710 ease
1209 653 1277 710 belli

87 749 278 813 occasionem,
293 757 322 804 et
336 745 429 803 clades
444 746 496 803 hac
518 748 623 803 ratione
638 756 785 810 excusent,
801 745 903 803 violata
919 747 984 822 jura
1004 749 1108 805 summi
1131 748 1199 816 Dei,
1215 769 1278 808 om-

87 841 167 898 nium
181 841 328 900 hominum
343 841 497 900 conditoris
519 850 548 897 et
566 840 672 908 arbitri,
689 841 795 916 juetam
817 838 942 917 prolecto
957 844 1083 918 praebent
1096 862 1210 903 causam
1227 865 1278 904 cur

87 957 185 996 eorum
201 939 422 998 internecionem
443 937 585 997 decernat.
626 937 750 1004 Quodsi
771 938 864 1010 aliqua
876 938 966 996 cladis
987 940 1148 1017 adiunctae
1168 945 1276 1001 nostris

88 1035 400 1103 abhorreautmoribus,
409 1045 462 1107 eta
475 1046 572 1095 nostro
586 1033 768 1092 humanitatis
783 1032 880 1102 sensu,
891 1037 939 1109 qui
955 1048 1021 1095 tunc
1035 1037 1109 1114 apud
1125 1038 1277 1114 plerasque

87 1144 186 1210 gentes
196 1133 378 1190 obtinuerunt
391 1149 495 1198 mores,
505 1132 629 1210 juraque
638 1131 715 1197 belli,
731 1150 787 1206 pne
802 1132 891 1189 occulis
903 1144 972 1201 aunt
985 1133 1123 1201 habenda,
1138 1154 1277 1196 unacum

82 1230 149 1306 jure
162 1248 277 1288 eummo
290 1229 366 1287 illius
381 1236 466 1302 quem
487 1228 633 1306 peccando
653 1239 850 1304 provocarunt,
865 1241 896 1286 ut
909 1243 983 1294 recte
998 1229 1033 1287 dc
1047 1232 1082 1288 iis
1099 1230 1276 1309 judicemus.

88 1326 216 1386 Coeteras
230 1337 328 1404 gentes
351 1307 387 1384 ne
405 1326 481 1385 bello
500 1326 718 1404 aggrederentur
738 1325 873 1383 Israelitis
887 1339 931 1383 cst
948 1327 1083 1385 vetitum:
1099 1329 1175 1400 quod
1191 1332 1218 1389 si
1239 1330 1277 1391 cd

87 1423 304 1502 expugnandam
319 1423 463 1483 civitatem
477 1421 619 1480 lacessitis
631 1422 790 1489 crederent,
806 1441 861 1498 pax
873 1423 899 1480 ei
914 1424 1036 1500 primum
1048 1425 1194 1484 offerenda
1207 1439 1278 1498 crat,
1291 1458 1294 1463 ·

87 1538 244 1592 omnesque
264 1519 420 1604 incolumes
438 1517 569 1577 servandi
591 1518 752 1593 conditione
767 1523 905 1594 accepta.¹
945 1518 991 1576 Ea
1010 1530 1103 1577 antem
1117 1521 1234 1597 rejecta,
1249 1536 1280 1583 et

86 1617 198 1675 civitate
210 1600 380 1694 expugnata,
389 1614 554 1697 mulieribus
564 1613 753 1684 etinlantibue
764 1614 936 1693 parcendum
948 1627 1124 1683 erat,'cuntra
1135 1619 1276 1680 victorum

86 1732 207 1782 mosem,
223 1714 278 1790 ipsi
292 1713 368 1771 enim
391 1711 440 1785 qni
454 1712 613 1784 clementie
634 1712 715 1771 laude
737 1712 874 1773 florebant
893 1730 980 1772 sexus
993 1714 1038 1771 vel
1060 1713 1149 1773 aetatis
1164 1718 1276 1778 nullum

86 1810 226 1869 faciebant
238 1809 415 1868 discrimen.¹
455 1808 519 1867 Nec
533 1808 608 1876 ideo,
617 1819 650 1866 ut
662 1808 848 1871 calumniatur
859 1807 959 1877 Paine,
975 1811 1109 1887 Virgines
1124 1815 1277 1875 servaban-
1291 1864 1295 1869 .

87 1917 131 1966 tur
144 1917 176 1966 ut
195 1907 333 1965 militibus
353 1904 493 1965 violandae
512 1903 709 1973 traderentur,⁸
729 1903 781 1973 sed
800 1905 929 1981 legitimo
950 1908 1083 1984 conjugio
1104 1908 1245 1970 donandae
1254 1917 1280 1971 :⁴

87 2024 185 2064 mense
195 2007 237 2063 eis
246 2003 400 2083 priuadato
409 2012 515 2068 utsuoe
524 2001 776 2080 flerentparentcs.
798 2001 875 2060 Vasa
886 2002 1091 2081 AEgyptiorum
1101 2007 1279 2069 abstulerunt

86 2103 220 2161 israelitas
242 2102 299 2160 Dei
318 2102 414 2178 jussu,
428 2098 474 2157 cui
495 2116 639 2167 summum
659 2099 690 2159 in
703 2118 749 2157 res
769 2119 870 2160 omnes
891 2100 1070 2163 dominium:
1088 2105 1142 2171 ,sed
1159 2119 1226 2182 post
1243 2128 1277 2168 ee

40 2242 43 2247 -
86 2199 284 2271 relinquebant
302 2214 396 2273 agros,
411 2213 448 2253 ex
462 2211 584 2267 quorum
597 2194 760 2264 venditione
781 2206 891 2274 poterat
903 2198 1015 2257 Pharao
1029 2199 1180 2277 AEgyptiis
1194 2205 1279 2262 satie·

87 2297 190 2366 lacere,
206 2304 239 2351 ut
251 2293 323 2352 nihil
344 2291 472 2361 dicamus
487 2290 523 2350 de
544 2291 674 2355 mercede
694 2293 752 2357 illis
766 2293 860 2353 debita
873 2295 909 2353 ob
929 2293 1039 2353 labores
1060 2309 1088 2356 et
1100 2302 1276 2376 gravamina.

87 2392 261 2452 obstetrices
276 2390 458 2468 AEgyptiacae
478 2389 645 2450 humanitus
655 2409 722 2468 erga
735 2389 925 2451 israelitarum
947 2410 1049 2467 pueros
1064 2413 1095 2452 se
1115 2411 1277 2473 gesserunt,

87 2489 205 2568 praemio
226 2486 331 2546 idcirco
351 2487 439 2564 prolis
460 2504 630 2553 numerose,
651 2486 697 2544 vel
718 2505 812 2545 rerum
834 2487 1021 2548 secundarum
1045 2511 1062 2547 a
1084 2491 1148 2550 Deo
1174 2495 1277 2555 merito

87 2586 215 2646 donatae:
238 2584 321 2658 quod¹
335 2594 429 2642 autem
451 2583 614 2651 excusarint
631 2600 664 2640 sc
685 2582 759 2660 apud
780 2584 958 2643 Pharaonem
979 2587 1110 2646 nonnihil
1129 2593 1278 2652 aneritate

87 2680 274 2749 deflectendo,
296 2699 350 2738 nec
374 2679 532 2756 probatum,
553 2697 607 2737 nec
627 2690 833 2743 remuneratum
855 2691 908 2738 est.
960 2682 1025 2758 lpse
1047 2684 1159 2744 Pharao
1179 2689 1277 2747 cordis
1314 2697 1316 2701 ‘

87 2780 188 2839 duritie
202 2777 328 2839 divinam
341 2776 505 2855 provocavit
518 2775 547 2835 in
561 2794 592 2833 se
607 2772 778 2848 vindictam:
797 2776 941 2836 induratus
957 2789 1050 2837 tamen
1065 2801 1081 2838 a
1095 2781 1159 2840 Deo
1173 2783 1279 2846 dicitur

86 2877 218 2936 hebraica
235 2874 370 2948 loquendi
392 2872 509 2940 ratione,
524 2891 580 2946 qua
594 2864 657 2951 q'uae
677 2872 753 2932 siunt
768 2873 830 2933 Deo
852 2874 1040 2951 permittente,
1056 2877 1083 2934 ei
1103 2868 1277 2954 tribuuntur,

87 2981 120 3030 ut
132 2964 302 3047 intelligatur
315 2970 413 3028 omnia
426 2968 483 3030 Dei
496 2978 566 3040 nptu
581 2967 651 3044 regi,
664 2969 782 3044 ipseque
795 2969 947 3047 impiorum
959 2972 1079 3029 consilia
1092 2972 1195 3034 divinae
1210 2981 1278 3039 sub·

88 3085 152 3125 esse
173 3064 377 3142 providentire3
398 3083 461 3136 quae
482 3065 559 3122 enim
580 3064 668 3123 libere
689 3075 776 3141 agunt
790 3066 882 3143 'etlam
905 3079 1003 3125 contra
1024 3068 1080 3126 Dei
1100 3072 1236 3141 mandata
1249 3089 1280 3136 et
1300 3054 1309 3065 ⁸

87 3164 270 3230 voluntatem,
285 3159 580 3239 potuissetimpedire,
590 3160 639 3232 qui
654 3169 747 3219 tamen
763 3162 895 3223 “melius
907 3163 1045 3240 judicavit
1055 3166 1090 3224 de
1104 3168 1187 3227 malis
1201 3172 1278 3235 bene

87 3260 190 3328 lacere,
205 3275 289 3331 quam
298 3255 377 3339 'mala
388 3254 465 3312 nulla
477 3272 541 3312 esse
553 3254 761 3331 permittepe.”⁵
802 3321 806 3326 g

131 3354 198 3435 obj.
211 3358 240 3412 3.
262 3353 384 3430 Moyses
405 3348 500 3410 Deum
525 3348 641 3410 exbibet
664 3349 806 3414 Abraham
832 3362 984 3425 tentantem
1009 3356 1106 3418 filium
1124 3356 1278 3426 occidendi

82 3454 223 3530 jussione.
315 3480 318 3485 ·
636 3509 638 3513 ,
724 3492 727 3503 ·
754 3455 757 3460 '
835 3514 838 3519 ,
1085 3438 1088 3443 ’

127 3547 216 3626 Resp.
237 3545 400 3622 Periculum
415 3542 484 3604 illud
498 3544 617 3604 noraha
632 3543 799 3617 obedientie
814 3546 917 3606 lactum
932 3560 976 3607 est
989 3562 1021 3608 ut
1031 3552 1118 3633 ¹nobis
1132 3555 1279 3632 relinque·

89 3659 165 3719 retur
175 3645 287 3718 eximie
299 3643 366 3719 fidei
377 3641 552 3721 exemplum,
562 3660 625 3716 quoe
635 3642 722 3709 ardua
733 3646 863 3718 queque,
874 3645 937 3705 Deo
944 3648 1071 3724 jubente,
1084 3651 1277 3729 amplectitur.

90 3741 233 3815 Oaeterpm
248 3738 338 3807 Deus,
354 3741 403 3812 qui
423 3740 502 3801 novit
515 3740 769 3814 lutura-antequam
790 3741 871 3813 liant,
880 3743 974 3803 noluit
994 3745 1118 3806 humano
1131 3754 1278 3829 sanguine

89 3839 145 3899 sibi
157 3837 250 3911 litari:
269 3835 399 3909 ideoque,
410 3837 552 3895 voluntate
573 3836 698 3913 Abrabe
717 3837 864 3914 patefacta,
879 3842 968 3898 vetuit
982 3861 1017 3901 ne
1033 3844 1104 3903 ultra
1123 3851 1279 3926 progrede-

90 3945 176 3997 retur.
217 3933 314 3993 Potuit
322 3932 436 4007 quidem
450 3952 564 3993 summo
573 3933 649 4011 jure,
660 3934 724 3992 vitae
738 3945 766 3993 st
782 3938 861 3996 necis
875 3957 962 4015 quum
978 3939 1170 4013 sitdominus,
1186 3948 1278 4010 vitam

62 4170 64 4175 ,
122 4130 159 4191 (l)
175 4125 297 4178 Daut20.

123 4213 159 4277 (Ξ)
192 4211 266 4271 'l'ltus
277 4225 364 4274 pueros
374 4216 399 4260 ct
409 4209 520 4260 femina·
528 4208 545 4259 J
547 4211 646 4262 uduicaa
657 4211 682 4262 in
694 4211 791 4273 theatro
802 4213 860 4274 seris
870 4216 999 4269 laniandos
1009 4222 1106 4288 objecit,
1116 4223 1275 4294 lerosolymn

89 4302 236 4364 expugnas.

123 4379 159 4443 (3)
177 4377 263 4437 Ptine,
274 4376 329 4442 Age
341 4375 371 4425 of
376 4374 482 4437 Retron,
493 4393 515 4443 p
526 4375 551 4437 θ,
561 4393 622 4443 pege
634 4377 672 4431 81.

123 4463 159 4524 (l)
176 4460 249 4511 nont
256 4457 296 4517 21,
307 4454 345 4507 12.

120 4547 163 4611 ,(ᾷι
175 4545 241 4610 hug.
252 4539 353 4592 Enchlr.
364 4555 385 4590 o.
397 4539 470 4591 xxxll.
