2738 5032
124 258 184 316 aaa
429 255 486 315 nn
506 255 681 317 rruuuu
702 232 1011 318 ιιιοιοιιιιιιι.

123 414 216 473 dissiti
229 427 318 482 crant,
332 426 377 473 est
391 415 525 474 indicium
540 417 729 474 certissimum
750 415 906 475 traditionis
918 416 1040 495 „divium
1059 416 1127 476 tusi
1148 417 1303 476 scilicetitt

123 510 256 570 Ecclesia
269 529 383 588 semper
395 512 564 569 celebrate.¹

144 609 308 687 'Majornm
322 627 437 668 suornm
453 612 643 667 auctoritatem
658 611 791 687 preclare
811 620 893 688 urget
911 611 1105 688 Augustinus:
1127 620 1148 648 ‘⁴
1157 610 1247 678 Quod
1265 610 1308 669 itt·

122 716 261 763 venemnt
273 706 302 764 in
318 704 451 763 Ecclesia
464 717 622 771 ιοιιιιοιιιιιι,
637 706 713 779 quod
728 725 746 762 a
759 706 893 765 Patribus.
903 717 1083 783 acceperunt,
1098 706 1155 765 hoc
1172 706 1243 764 filiis
1253 715 1305 763 tra·

122 801 262 861 didsrnnt.
284 804 302 839 *
322 808 340 843 ⁸
361 805 379 840 ¹*
398 802 450 861 lati
464 802 604 878 Episcopi
618 802 684 861 ιιιιιι
696 802 782 869 ιιοοιι,
798 820 906 879 gravas,
920 789 1021 872 macti,
1035 803 1161 861 veritatis
1176 800 1306 860 ιιοοιιιιι

122 898 286 958 defensores
308 906 325 941 *
347 902 363 936 ⁶
384 902 401 935 ³
422 902 438 935 ¹*
459 897 523 956 llos
548 899 642 971 itaque
666 899 702 956 de
731 898 793 956 aliis
821 910 904 972 atque
925 900 989 957 aliis
1009 899 1195 977 temporibus,
1221 908 1306 970 atqm

122 997 295 1074 regionibns,
324 996 358 1053 ab
383 995 499 1053 Oriente
524 1007 552 1053 et
579 994 734 1054 Occidente
757 1007 942 1073 congregatos
966 995 1057 1063 vides,
1078 1014 1137 1054 non
1161 994 1305 1053 inlocum

122 1113 180 1168 quo
203 1095 334 1172 navigare
358 1106 494 1171 cogantur
516 1093 656 1160 homines,
680 1092 783 1151 sedin
805 1094 907 1153 librum
928 1095 979 1167 qul
1000 1094 1133 1172 naugare
1155 1092 1251 1169 possit
1272 1089 1305 1148 ad
1348 1134 1349 1138 ,

122 1192 263 1251 homines.
305 1192 419 1258 Quanto
433 1191 482 1247 tibi
501 1201 600 1248 esseut
612 1192 659 1248 isti
677 1189 791 1268 judices
813 1190 1005 1267 optabiliores,
1019 1191 1046 1248 si
1066 1194 1180 1248 &neres
1202 1188 1305 1246 Catho-

120 1287 205 1346 licam
219 1287 316 1355 fidem,
332 1298 408 1344 tanto
423 1287 473 1344 tihi
486 1299 552 1343 sunt
566 1287 757 1354 terribiliores,
773 1287 840 1360 quia
854 1306 1002 1364 oppugnas
1016 1286 1197 1345 catholicam
1211 1285 1304 1351 fidem,

121 1404 206 1459 quam
220 1386 251 1443 iu
264 1385 335 1442 lacte
349 1392 495 1450 suxemmt,
523 1402 607 1456 qnam
631 1383 660 1440 in
684 1384 749 1441 cibo
773 1395 963 1460 sumpserunt,
986 1383 1068 1459 cnjus
1091 1382 1136 1440 lac
1160 1393 1191 1439 et
1214 1382 1305 1440 cibum

120 1482 216 1560 parvis
230 1482 397 1558 magnisque
412 1481 650 1548 ministravemnt,
666 1498 751 1552 quam
771 1492 876 1538 contra
888 1481 1031 1547 inimicos,
1057 1481 1141 1538 etiam
1156 1497 1220 1537 ,vos
1244 1490 1306 1536 tunc

121 1577 248 1637 nondum
262 1588 354 1644 natos,
368 1576 444 1651 unde
458 1595 533 1635 nuuc
554 1577 729 1642 revelamini,
751 1577 927 1653 apertissime
948 1596 981 1635 ac
1001 1575 1154 1650 fortissime
1176 1573 1306 1634 defende·

120 1685 195 1735 runt.
237 1674 357 1732 Talibus
370 1684 436 1750 post
451 1675 603 1750 Apostolos
626 1673 729 1732 Sancta
750 1674 882 1732 Ecclesia
901 1670 1114 1750 plantatoribus,
1128 1672 1305 1750 ιιςιιοιιιιυ.

121 1769 348 1836 aedificatoribus,
363 1769 532 1846 pastoribus,
548 1769 729 1826 nutritoribus
743 1760 839 1827 crevit.
879 1768 949 1827 Ideo
962 1767 1095 1847 profanas
1107 1785 1196 1826 voces
1210 1776 1305 1825 vestre

121 1866 253 1925 novitatis
266 1863 428 1941 expavit.’''
469 1865 583 1923 Patrum
595 1865 818 1925 consentientem
830 1866 1022 1929 auctoritatem
1031 1882 1147 1940 semper
1156 1873 1256 1921 secuta
1265 1869 1306 1919 est

120 1963 255 2024 Ecclesia
267 1963 297 2021 ιιι
312 1963 374 2021 suis
387 1962 517 2020 decretis.
559 1962 679 2021 Nicoeuo
694 1963 724 2020 in
739 1959 872 2021 Concilio
893 1972 913 2009 ι·
922 1957 1084 2038 Εριιοοριί
1099 1969 1172 2019 teste
1186 1959 1306 2019 Athana·

122 2062 167 2120 sio
182 2070 268 2119 “uon
282 2061 467 2138 sibimetipsis
481 2060 693 2118 adinvenientes
702 2060 796 2128 verba,
806 2059 856 2117 sed
871 2060 1006 2119 habentes
1019 2078 1053 2117 ca
1064 2078 1081 2116 a
1094 2059 1240 2128 Patribus,
1254 2067 1306 2116 tes·

120 2159 240 2217 timonio
252 2157 528 2235 conscripserunt.”⁸
566 2157 600 2216 ln
614 2157 765 2236 Ephesino
787 2158 873 2241 “hoc
888 2156 1163 2224 catholicissimum,
1177 2155 1306 2216 fidelissi·

120 2267 310 2330 memetque
330 2257 470 2334 optimum
491 2256 566 2314 sactu
580 2257 674 2314 visum
694 2267 748 2324 est,
768 2264 800 2315 ut
819 2257 849 2314 in
868 2254 995 2314 medinm
1014 2265 1178 2313 sanctorum
1199 2264 1304 2332 patrum

120 2354 267 2412 sententie
282 2353 481 2430 proferrentur,
496 2370 616 2425 quornm
632 2352 702 2410 alios
724 2352 878 2429 Martyres,
890 2352 963 2410 alios
986 2350 1188 2418 consessores,
1209 2365 1303 2410 omnes

119 2464 188 2509 vero
203 2449 369 2509 Catholicos
384 2448 550 2508 Sacerdotes
565 2449 664 2517 luisse,
675 2460 705 2507 et
715 2450 905 2526 permansisse
917 2457 1076 2517 constaret;
1090 2457 1122 2506 nt
1134 2448 1245 2517 scilicet
1256 2447 1304 2507 rire

120 2555 204 2619 atque
230 2545 405 2612 solemniter,
421 2562 457 2601 ex
481 2562 579 2625 eorum
593 2530 706 2602 decreto
721 2556 805 2618 atque
819 2564 972 2614 consensu,
988 2546 1099 2621 antiqui
1111 2543 1252 2623 dogmatis
1262 2563 1304 2603 re·

62 2633 65 2641 ¹
120 2643 196 2722 hgin
203 2642 427 2710 confirmaretur,
438 2653 467 2700 et
476 2641 604 2718 ,protana
615 2642 747 2700 navitatis
760 2641 938 2723 blasphemia
948 2641 1215 2721 condemnaratun'’
1230 2645 1248 2679 ‘
1261 2642 1303 2680 ⁴*

120 2750 141 2779 ‘⁶
150 2740 175 2801 li
189 2751 256 2800 sunt
279 2740 364 2819 igitur
375 2759 476 2799 omues
491 2739 566 2817 apud
580 2740 729 2817 Ephesum
743 2751 859 2801 sacrato=
874 2740 1001 2819 decalogi
1025 2759 1144 2800 numero
1168 2739 1302 2819 magistri,

119 2839 284 2905 consiliarii,
299 2848 395 2906 testes,
412 2837 582 2915 judicesque
597 2836 734 2913 producti,
751 2857 871 2910 quorum
891 2839 972 2896 beata
983 2825 1033 2895 illa
1052 2835 1191 2914 synodus
1205 2836 1303 2897 doctri·

38 2986 40 2991 ,
119 2955 186 2996 nam
212 2948 321 3003 tenens,
346 2935 498 3009 consilium
522 2952 656 3007 sequens,
679 2933 798 3019 medens
822 2935 995 3003 ιοιιιιιιοιιιο,
1023 2932 1169 3005 obediens
1184 2923 1301 3012 judicio,

121 3031 229 3103 absque
243 3029 320 3099 odio,
334 3028 429 3097 tedio,
440 3029 661 3108 presumptione
675 3039 705 3088 et
715 3012 814 3107 gratis,
829 3029 864 3089 de
876 3029 944 3089 fidei
957 3029 1062 3165 regulis
1082 3026 1301 3108 pronumtiavit.”

119 3126 164 3187 lta
176 3127 261 3185 refert
273 3126 441 3185 Vincentius
458 3126 629 3185 Lirinensis
629 3132 643 3163 ⁴

159 3227 268 3286 Dicunt
287 3225 403 3298 quidem
417 3225 609 3283 Protestautes
629 3224 745 3283 Petrum
763 3243 936 3284 consensum
959 3225 1124 3284 unanimem
1145 3174 1301 3285 nullatenus

119 3320 198 3381 dari·
220 3320 270 3380 sed
284 3321 427 3405 falluntur,
441 3340 507 3378 nam
521 3338 618 3378 eorum
634 3319 818 3379 afferuntur'
810 3340 840 3380 ιιι
859 3320 1039 3401 dogmatibus
1050 3317 1231 3405 vindicandis
1252 3332 1302 3387 tes·

108 3419 239 3478 timonis
251 3437 314 3493 que
329 3435 390 3476 rem
403 3417 548 3477 evincunt.
587 3416 666 3475 Hinc
688 3436 745 3477 nou
769 3394 905 3477 dubitavit
926 3417 1094 3477 Vincentius
1118 3416 1302 3495 praelaudatus

45 3514 56 3561 '-
120 3537 186 3578 eum
214 3517 355 3596 appellare
376 3534 565 3575 consensum:
608 3515 764 3593 “Operam
784 3515 869 3584 dabit,
889 3515 1096 3594 (Christimttts
1121 3514 1302 3590 corbibus)

121 3625 153 3673 ut
165 3613 312 3673 conlatas
304 3623 377 3672 inter
390 3631 422 3670 se
436 3613 574 3689 majorum
589 3612 738 3672 consulat
730 3621 937 3690 interrogetque
950 3611 1115 3716 sententias,
1124 3631 1227 3720 eorum
1237 3594 1303 3672 dun·

152 3770 222 3832 (1)“
230 3769 338 3820 Ancient
349 3784 400 3829 use,
410 3768 461 3819 lilre
469 3768 501 3819 all
511 3768 585 3820 other
590 3768 689 3820 ancient
697 3768 767 3830 facts,
777 3785 824 3819 cau
835 3770 865 3819 be
876 3757 999 3834 conveysd
1009 3774 1036 3819 ιο
1051 3784 1081 3819 ns
1091 3744 1152 3835 only
1162 3763 1198 3836 by
1208 3741 1303 3822 written

119 3855 260 3919 testimony,
277 3856 290 3887 ·
306 3858 321 3891 ⁸*
339 3857 352 3885 ·
372 3856 385 3905 Ῑ
397 3855 428 3905 (ιο
438 3861 481 3904 not
489 3871 542 3919 say,
552 3881 593 3914 -,
603 3855 657 3904 that
664 3870 703 3904 we
713 3855 790 3920 ought
799 3860 825 3904 ιο
835 3853 929 3904 confide
939 3853 966 3903 ln
974 3853 1017 3904 the
1025 3853 1119 3904 vsrdict
1125 3853 1205 3906 ul'the
1215 3850 1302 3906 fathers

11 3970 16 3995 r
120 3932 150 3991 aa
157 3939 254 4006 jndges,
265 3941 309 3990 but
320 3940 373 3990 ιιιιιι
384 3955 421 3989 we
432 3938 509 4004 ought
520 3945 545 3988 to
555 3939 611 4004 give
625 3955 658 3989 an
676 3938 800 4002 impartial
811 3937 921 4004 hearing,
932 3954 960 3989 aa
971 3937 997 3988 in
1013 3938 1089 4003 many
1099 3953 1184 4000 cassa„
1196 3940 1239 3991 the
1248 3938 1301 4004 only

121 4029 259 4088 competent
270 4024 404 4073 witnesses.
436 4022 494 4072 And
502 4037 576 4087 every
589 4023 651 4086 body
663 4029 730 4071 must
738 4023 767 4071 be
776 4020 888 4080 sensihls,
896 4021 953 4071 that
962 4020 1005 4071 the
1015 4021 1093 4072 direct
1103 4023 1239 4092 ιοιιιιιιοιιγ
1248 4021 1279 4074 of
1288 4038 1302 4072 a

120 4108 186 4173 plain
198 4123 264 4165 mnu,
275 4107 300 4155 iu
313 4124 328 4155 a
339 4114 427 4156 matter
438 4106 518 4156 which
536 4122 618 4156 comes
627 4106 714 4156 within
724 4105 766 4171 the
776 4105 863 4170 sphere
874 4105 901 4155 ol
914 4104 954 4154 his
965 4105 1116 4170 knowledge,
1126 4108 1150 4158 is
1161 4122 1232 4160 mass
1241 4114 1265 4158 tc
1275 4108 1304 4157 bt

120 4191 237 4258 regarded
249 4191 308 4241 than
326 4191 367 4239 tire
381 4190 461 4263 subtis
477 4191 630 4255 conjectures
647 4189 677 4239 of
691 4206 724 4239 an
741 4190 794 4240 able
811 4189 914 4249 scholar,
931 4189 987 4241 who
1008 4191 1066 4241 does
1080 4197 1127 4259 not
1142 4192 1221 4259 spaak
1242 4191 1302 4243 from

120 4274 273 4339 knowledge,
283 4275 326 4324 but
336 4273 404 4338 gives
416 4273 457 4322 the
468 4273 608 4322 conclusion
620 4270 652 4322 ha
663 4274 708 4323 has
719 4273 804 4323 drawn
815 4271 878 4322 from
886 4272 926 4323 his
936 4288 993 4324 own
1003 4270 1147 4338 pransitans
1152 4268 1305 4343 tffilngs,

120 4373 147 4409 οι
159 4357 221 4407 from
233 4357 301 4406 those
313 4356 342 4406 of
354 4354 457 4405 others.”
490 4356 587 4422 Georgo
597 4356 731 4420 Campbcll,
742 4356 808 4406 Dias.
820 4355 864 4406 IV.
874 4371 897 4420 p.
909 4354 962 4406 11³.

153 4444 190 4506 (2)
206 4444 222 4493 1.
234 4443 270 4493 11.
281 4449 367 4494 conus
381 4441 474 4491 Julian.
486 4441 569 4508 Pelag.
581 4458 602 4491 c.
613 4458 638 4491 ι.

153 4527 190 4586 (3)
202 4526 249 4591 Ep.
260 4527 290 4576 ad
302 4524 385 4574 Afros.

154 4613 191 4674 (4)
206 4611 303 4662 comm
312 4625 333 4659 c.
344 4607 435 4674 penult.
