2738 5032
400 115 457 177 nn
479 116 699 179 secessim
721 94 1001 189 consuimus.
1234 128 1293 185 rao

98 269 178 330 dere.
222 270 266 349 ld
281 273 426 351 Ephesios
441 276 580 346 scribens,
596 278 808 356 Episcoporum
823 283 978 357 pervarias
993 283 1070 343 orbis
1084 282 1182 363 plagas
1196 282 1293 343 distri·

100 370 248 428 butionem
262 362 375 431 summo
388 371 496 431 Christi
511 376 632 434 consilio
646 376 748 434 merito
764 376 876 435 tribuit:
919 387 939 414 “
951 378 1068 439 Etenim
1077 381 1169 440 iesus
1187 379 1288 439 Chris·

102 474 147 523 tus
161 466 358 543 inseparabilis
372 479 468 527 nostra
481 470 538 529 vita
552 464 643 530 Patris
658 482 701 530 est
721 473 869 542 sententia,
885 484 916 531 ut
936 484 964 532 et
984 476 1124 554 Episcopi
1145 496 1197 557 per
1210 488 1290 536 terrae

101 565 241 625 terminos
255 563 364 625 definiti
378 585 415 624 ex
428 567 499 637 Jesu
515 568 624 628 Christi
639 581 704 628 sunt
718 571 865 629 sententia.
910 570 993 631 Unde
1007 572 1088 633 decet
1098 594 1149 633 ros
1161 576 1191 633 in
1205 576 1293 652 Epis·

98 661 169 737 copi
190 663 358 721 sententiam
381 682 558 733 concurrere,
579 665 655 738 quod
676 676 705 725 et
724 667 824 726 facitis.
867 668 944 727 Nam
964 670 1146 729 memorabile
1165 682 1290 733 vestrum

100 756 319 834 Presbyterium
340 760 457 838 dignum
472 762 546 831 Deo,
562 764 602 821 ita
614 774 775 840 coaptatum
790 775 835 822 est
848 765 997 843 Episcopo
1019 776 1051 824 ut
1071 767 1184 826 chordoe
1204 770 1291 827 citha·

102 852 193 927 rae.,”¹
233 855 273 913 Et
283 856 318 914 ad
333 857 547 935 Magnesianos:
570 859 659 918 “Sed
674 871 702 918 et
715 880 766 919 vos
781 861 862 920 decet
875 882 932 922 non
947 862 1111 927 familiarius
1126 883 1159 921 ac
1172 864 1293 941 superbe

94 954 143 1011 nti
157 963 239 1010 aetate
253 953 404 1032 Episcopi,
415 956 466 1018 sed
480 957 636 1016 secundum
645 959 776 1018 virtutem
791 959 848 1019 Dei
862 960 954 1019 Patris
969 979 1083 1019 omnem
1099 961 1293 1039 impertiriilli

81 1051 299 1137 reverentiam,
315 1052 553 1125 quemadmodum
568 1055 635 1112 novi
658 1066 770 1113 sanctos
791 1056 882 1114 facere
904 1057 1105 1133 Presbyteros,
1124 1076 1184 1116 non
1203 1046 1292 1133 respi-

94 1148 209 1208 cientes
223 1147 258 1205 ad
272 1159 459 1225 apparentem·¹
464 1149 621 1227 juvenilem
637 1150 861 1221 ordinationem,
877 1152 928 1210 sed
948 1162 979 1210 ut
998 1152 1154 1230 prudentes
1174 1153 1204 1211 in
1224 1152 1289 1211 Deo

98 1243 237 1305 cedentes
252 1246 320 1321 ipsi,
334 1265 393 1304 non
406 1230 463 1322 ipsi
474 1256 578 1315 autem,
593 1247 644 1306 sed
659 1248 736 1309 Petri
749 1248 819 1307 Jesu
835 1248 944 1325 Christi
955 1250 1083 1307 omnium
1098 1246 1294 1325 Episcopo.”¹

144 1340 178 1400 S.
195 1341 321 1400 Irenaeus
335 1332 364 1378 '⁴‘
375 1342 523 1402 Habemus
537 1362 721 1403 annumerare
736 1363 785 1404 eos
800 1346 849 1417 qui
869 1347 904 1403 ab
917 1345 1064 1422 Apostolis
1084 1344 1203 1403 instituti
1228 1351 1296 1401 sunt

103 1436 249 1515 Episcopi
262 1438 293 1496 in
307 1438 459 1507 Ecclesiis,
474 1448 503 1497 et
515 1435 696 1498 successores
710 1458 808 1498 eorum
820 1459 910 1513 usque
922 1440 957 1498 ad
966 1460 1030 1500 nos.
1052 1443 1068 1478 ¹*
1088 1443 1104 1477 ¹³
1126 1438 1296 1507 *Fundan-

100 1547 147 1595 tes
161 1537 247 1614 igitur
260 1547 289 1594 et
303 1537 558 1597 instruentesbeati
577 1520 711 1615 Apostoli
730 1529 902 1606 Ecclesialri,
924 1537 999 1597 Lino
1019 1539 1227 1615 Episcopatum
1248 1536 1295 1596 ad·

107 1630 305 1692 ministrandae
319 1632 459 1693 Ecclesiae
475 1628 656 1693 tradiderunt.
679 1636 696 1673 *
716 1636 730 1671 *
753 1637 769 1672 ³*
789 1634 1021 1710 EtPolycarpus
1031 1645 1191 1693 autemnon
1205 1635 1299 1697 solum

104 1730 141 1788 ab
156 1730 304 1807 Apostolis
318 1729 447 1799 edoctrm,
462 1739 491 1788 et
503 1740 686 1789 conversatus
700 1750 766 1789 cum
780 1730 878 1789 multis
893 1749 930 1788 ex
944 1730 986 1787 eis
1001 1730 1051 1802 qui
1064 1730 1222 1789 Dominum
1233 1748 1300 1789 nos·

100 1836 180 1897 trum
196 1826 345 1885 viderunt:
361 1827 510 1886 sedetiam
525 1827 560 1886 ab
573 1827 720 1905 Apostolis
735 1829 765 1886 in
777 1828 856 1895 Asia,
872 1829 902 1885 in
916 1810 1024 1899 eaquae
1036 1836 1080 1883 est
1093 1825 1226 1902 Smyrnis
1241 1826 1298 1907 Ec·

79 1927 194 1985 -clesia
208 1924 376 1993 constitutus
391 1925 567 2001 Episcopus,
578 1945 663 1999 quem
673 1936 702 1984 et
714 1945 767 1985 nos
779 1926 902 1986 vidimus
917 1927 947 1985 in
962 1927 1054 2003 prima
1063 1935 1159 1983 nostra
1170 1922 1297 1983 aet'ate.’'⁸

91 2088 98 2095 ,
145 2020 341 2078 'l'ertullianus
357 2020 477 2078 “Dandi
490 2019 709 2099 (Baptismuml'
718 2023 833 2101 quidem
846 2023 932 2081 habet
938 2024 987 2099 jus
1001 2040 1131 2079 summus
1146 2020 1296 2090 Sacerdos,

87 2120 154 2194 qui
170 2127 214 2175 est
228 2117 411 2195 Episcopus:
427 2116 531 2185 dehinc
545 2119 709 2195 Presbyteri
723 2129 751 2177 et
765 2119 905 2185 Diaconi:
921 2110 1086 2178 nontamen
1101 2120 1163 2177 sine
1174 2120 1297 2196 Episco-

98 2219 136 2296 pi
151 2215 456 2302 auctoritate‚.propter
469 2215 610 2275 Ecclesiae
624 2217 774 2288 honorem,
792 2235 848 2290 quo
863 2217 952 2286 salvo,
967 2218 1046 2275 salva
1058 2234 1114 2294 pax
1129 2217 1219 2275 est.''⁴
1265 2238 1275 2249 „

127 2314 303 2392 ,Origenesi
312 2360 319 2387 ¹.
346 2314 410 2371 “Si
423 2313 556 2373 audacter
569 2314 686 2391 expedit
698 2315 777 2388 loqui
792 2316 1010 2392 Scripturarum·
1022 2333 1138 2373 sensum
1154 2317 1295 2389 sequenti,

100 2432 155 2491 per
169 2408 295 2490 singulas
309 2410 456 2470 Ecclesiae
470 2411 531 2470 bini
545 2420 611 2470 sunt
625 2411 775 2489 Episcopi,
791 2412 863 2470 nlius
879 2412 1010 2480 visibilis,
1032 2412 1103 2469 alius
1125 2413 1294 2471 invisibilis:

102 2511 157 2570 ille·
167 2511 241 2568 visui
255 2510 366 2568 carnis:
390 2510 438 2568 hic
451 2510 550 2568 sensui
565 2509 712 2585 patens.”⁵
735 2544 737 2549 ,
752 2510 887 2582 “Neque
903 2510 1079 2584 Episcopus,
1094 2526 1147 2566 nec
1172 2509 1296 2584 Presby-

105 2619 157 2676 ter,
171 2626 226 2666 nec
236 2607 392 2674 Diaconos,
408 2610 462 2663 nec
473 2603 567 2670 vidua,
583 2613 705 2680 possunt
717 2622 781 2661 esse
793 2603 948 2680 digami.”⁶

84 2748 87 2753 .
101 2756 105 2761 .
142 2704 174 2767 S.
192 2701 376 2779 Cyprianus:
403 2697 579 2758 “Dominus
594 2698 797 2774 noster,cujus
812 2707 952 2773 praecepta
965 2692 1093 2759 metuere
1106 2705 1135 2754 et
1148 2696 1296 2765 observare

106 2798 254 2865 debemus,
268 2796 410 2874 Episcopi
423 2795 573 2862 honorem,
584 2805 612 2851 et
625 2793 765 2851 Ecclesiae
774 2811 832 2849 suae
843 2792 981 2851 rationem
993 2793 1148 2869 disponens
1158 2793 1188 2851 in
1199 2792 1294 2852 Eran-

103 2895 178 2973 gelio
192 2894 326 2968 loquitur,
342 2901 371 2950 et
384 2891 454 2949 dicit
467 2891 571 2949 Petro:
594 2888 740 2966 ‘Egoiibi-
751 2887 815 2945 dico
830 2887 896 2960 quia
910 2896 946 2946 tu?
954 2907 985 2946 es
1000 2889 1111 2973 Petrus,
1127 2889 1194 2948 &c’
1224 2889 1295 2948 Inde

103 3011 155 3070 per
168 3002 329 3068 temporum
343 3001 372 3048 et
385 2988 600 3053 successionum
615 2988 701 3055 vices,
717 2985 929 3064 Episcoporum
939 2986 1092 3056 ordinatio,
1107 2999 1135 3046 et
1154 2988 1294 3047 Ecclesiae

104 3088 320 3156 ratindecurrit,
335 3096 367 3146 ut
379 3068 513 3145 Eccl'esie
525 3104 611 3162 super
625 3085 788 3162 Episcopos
800 3084 994 3151 constituatur,
1004 3094 1033 3142 et
1043 3086 1136 3143 omnis
1148 3096 1228 3142 actus
1240 3085 1296 3142 Ee·

103 3185 197 3243 closiae
210 3203 262 3261 per
276 3182 393 3242 eosdem
407 3165 577 3259 prepositos
598 3181 778 3258 gubernetur.
822 3178 898 3252 Cum
919 3180 975 3238 hoc
983 3170 991 3236 s
999 3181 1094 3253 itaque
1116 3179 1212 3236 divina
1231 3178 1295 3255 lege
1355 3219 1363 3225 -

103 3281 250 3341 fundatum
264 3281 311 3348 sit,
332 3281 420 3339 miror
434 3278 572 3352 quosdam
588 3276 687 3335 audaci
701 3277 856 3337 temeritate
867 3264 913 3333 ‘sic
928 3277 999 3334 mihi
1013 3277 1140 3349 scribere,
1149 3274 1291 3343 voluisse:

79 3402 82 3409 ⁴
104 3376 223 3451 quando.
233 3376 365 3434 Ecclesia
377 3376 408 3434 in
421 3376 571 3452 Episcopo
582 3383 610 3429 et
625 3371 722 3438 Clero,
734 3381 764 3427 et
774 3371 803 3428 in
815 3372 948 3429 omnihus
962 3373 1100 3429 stantibus
1112 3370 1294 3449 sitlconstitu·

61 3538 66 3547 ,
103 3456 177 3537 ta.”⁷
218 3474 340 3533 “Audio
358 3483 454 3532 tamen
479 3467 667 3544 quosdamde
687 3467 878 3542 Presbyteris,
893 3487 946 3526 nec
966 3468 1117 3547 Evangelii
1139 3486 1291 3538 memores,

102 3592 155 3632 nec
170 3573 240 3648 quid
260 3572 296 3631 ad
315 3587 368 3631 nos
392 3571 536 3647 Martyres
551 3566 717 3644 scripserint
729 3567 895 3651 cogitantes,
908 3584 961 3623 nec
982 3565 1131 3642 Episcopo
1152 3567 1291 3629 honorem

103 3669 261 3728 Sacerdotii
276 3670 321 3727 sui
335 3679 363 3728 et
384 3667 735 3745 cathedre-reservantes,
752 3664 813 3740 jam
834 3680 899 3720 cum
914 3662 1002 3738 lapsis
1017 3665 1227 3737 communicare
1241 3686 1293 3725 cre·

396 3877 431 3945 (l)
444 3876 507 3941 Eph.
519 3877 553 3926 iii.
564 3877 595 3924 iv.

395 3961 431 4023 (2)
444 3961 532 4026 Magn.
543 3977 564 4011 o.
574 3961 609 4009 iii.

399 4038 439 4106 (35
447 4044 476 4092 L.
489 4044 683 4094 uideturne.
696 4043 730 4092 iii.
745 4100 747 4105 ,
820 4070 823 4075 ·

398 4129 433 4190 (4)
447 4129 477 4177 L.
488 4129 518 4176 de
531 4128 601 4191 Bapt.
614 4144 634 4177 e.
649 4125 706 4177 xvii.

350 4194 354 4207 ,
400 4213 436 4272 (5)
448 4211 522 4260 Hom.
535 4211 585 4260 xiii.
598 4212 622 4260 in
635 4210 736 4262 Lucum.

396 4296 433 4358 (6)
446 4296 520 4345 Hom.
532 4293 590 4342 xvii.

397 4384 434 4445 (i)
447 4381 492 4447 Ep.
505 4381 596 4431 xxxvii.
609 4380 639 4428 nd
651 4380 738 4446 lapsos.
755 4368 759 4377 ’

226 4526 299 4584 Vor..
321 4525 426 4583 1.-33
