2738 5032
543 252 600 313 DE
621 253 883 316 PROPHETIIS.
1277 260 1313 314 le

116 423 220 479 mque
232 406 645 478 dolosasfomuinoreeensere¹
675 413 821 487 Quidquid
832 416 871 473 sit
880 415 916 474 de
925 424 1064 493 potestate
1075 415 1129 474 hac
1138 412 1310 482 demonum,

119 502 162 560 vel
175 503 326 563 hominum
342 505 504 580 daemonum
524 509 652 567 subsidio
673 510 823 578 utentium,
838 511 873 568 de
889 530 948 584 qua
970 512 1042 570 iuter
1060 510 1157 570 doctos
1178 510 1311 569 homines

91 622 94 627 Δ
118 599 180 676 plus
193 589 287 661 semel
300 605 372 662 acris
386 605 439 663 suit
452 606 629 683 disceptatio,
641 619 751 666 constat
761 609 894 667 vaticinia
908 621 1105 686 argumentum
1119 628 1184 667 esse
1196 609 1310 686 praecla·

120 715 178 756 mm
192 701 321 758 numinis
332 699 508 770 adsistentis,
523 721 558 760 ea
571 705 728 780 praesertim
742 724 806 777 quae
817 724 862 763 res
875 716 941 784 post
955 706 1035 783 plura
1048 705 1153 763 saecula
1162 717 1311 763 eventuras

120 813 152 853 ex
165 798 262 855 causis
283 798 380 857 liberis
401 810 430 858 et
449 801 677 878 contingentibus
700 803 865 879 respiciunt,
883 806 926 860 lae
940 804 1016 861 euim
1038 804 1064 860 ei
1087 812 1193 861 tantum
1215 811 1310 879 patere

122 899 277 967 potuerunt,
293 895 339 952 cui
360 913 461 954 arcana
480 897 576 954 omnia
598 896 683 956 sutu'ri
704 899 768 966 aevi,
784 899 974 970 innotescunt.
1016 898 1075 964 Qui
1095 899 1181 974 igitur
1200 898 1230 956 in
1244 896 1310 955 doc·

71 1068 73 1073 ⁴
122 988 194 1048 tinae
209 1009 298 1063 quam
313 990 398 1066 tradit
409 993 653 1051 confirmationem
675 995 808 1053 vaticinio
822 994 992 1072 hujusmodi
1002 995 1097 1061 utitur,
1110 993 1186 1067 quod
1200 993 1310 1051 sedicet

123 1082 163 1144 din
182 1095 271 1144 antea
288 1078 427 1164 prolatum
451 1088 586 1167 deinceps
609 1090 733 1154 ostendit
755 1091 845 1149 luisse
867 1092 1028 1168 impletum,
1044 1091 1112 1164 quin
1126 1102 1245 1148 eventus
1259 1089 1311 1147 hn-

123 1201 197 1242 mana
209 1184 308 1257 aliqua
327 1196 375 1242 aut
388 1187 505 1244 naturali
520 1187 626 1245 ratione
644 1185 768 1265 potuerit
787 1188 925 1265 praesciri,
942 1206 1075 1264 magnum
1091 1186 1172 1244 affert
1185 1184 1311 1243 veritatis

124 1279 268 1354 indicium:
292 1280 369 1354 quod
383 1282 505 1355 ,quidem
528 1283 654 1359 pondere
675 1285 833 1362 augebitur,
849 1302 907 1358 quo
929 1284 1106 1361 splendidius
1129 1283 1312 1340 inveniatur.⁸

125 1374 242 1450 Plurima
257 1378 390 1461 vaticinia
403 1379 449 1437 bis
464 1381 572 1442 munita
590 1379 702 1439 dotibus
727 1382 818 1440 Deum
833 1381 933 1440 vadem
950 1381 1074 1439 veritatis
1089 1371 1225 1457 praebent,
1240 1377 1311 1436 adeo

125 1482 146 1528 ut
156 1473 251 1546 omnis
275 1474 378 1534 erroris
402 1475 525 1533 formido
548 1474 712 1551 depellatur.
754 1478 899 1554 Propheta
920 1489 1092 1535 tamennon
1114 1484 1310 1553 potestsuam

125 1567 225 1626 iuuare
239 1567 397 1627 doctrinam
411 1570 488 1630 edito
499 1572 633 1629 vaticinio
648 1571 696 1629 diu
711 1566 810 1648 postea
824 1572 1016 1653 adimplendo,
1028 1592 1093 1630 nam
1105 1591 1142 1630 ex
1153 1571 1194 1629 rei
1205 1564 1308 1628 ev‘entn

125 1664 218 1739 pendet
242 1666 368 1725 vaticinii
381 1659 425 1726 vis
439 1667 476 1727 sd
495 1668 580 1727 fidem
602 1668 760 1728 faciendam
774 1668 825 1726 sed
839 1669 951 1726 docenti
969 1671 1069 1727 merito
1083 1670 1213 1726 tribuitur
1226 1666 1308 1734 fides,

124 1760 144 1817 si
160 1751 261 1822 arcana
274 1763 368 1822 cordis
389 1764 502 1842 pandat,
518 1767 562 1825 vel
580 1767 640 1844 jam
658 1766 693 1824 ab
713 1784 749 1824 eo
769 1763 1070 1842 praedamnandam
1089 1766 1156 1833 sint,
1171 1782 1236 1838 quae
1250 1780 1309 1822 non

123 1856 203 1933 potnit
215 1860 404 1933 aliquatenus,
419 1862 539 1919 naturali
554 1863 676 1928 lumine,
691 1862 862 1939 proevidere.

153 1955 256 2014 Utrum
280 1955 496 2015 vaticinia‘dari
519 1959 631 2035 possint
650 1978 667 2016 a
689 1958 834 2019 nonnullis
859 1957 1012 2030 quaesitum
1036 1966 1089 2012 est.
1130 1952 1165 2011 Id
1188 1951 1309 2011 fidenter

123 2052 298 2112 affirmamus.
336 2127 340 2132 ,
863 2101 866 2104 a

151 2147 289 2228 Propi.
311 2149 382 2209 Dari
403 2160 524 2227 possunt
537 2151 678 2209 vaticinia.
720 2150 784 2210 Deo
802 2153 899 2210 omnia
919 2150 1011 2208 lutura
1025 2160 1131 2226 patere,
1146 2165 1183 2204 ex
1196 2145 1308 2205 infinita

120 2243 174 2320 ejus
187 2245 363 2323 perfectione
377 2248 539 2306 necessario
553 2231 693 2319 sequitur,
704 2259 828 2320 eumq'ue
842 2266 928 2325 posse
942 2265 1042 2304 eorum
1056 2245 1184 2303 notitiam
1197 2242 1307 2301 homini

123 2339 253 2419 impertiri
267 2343 450 2402 menifestum
465 2354 524 2402 est:
566 2344 646 2421 Ergo
658 2335 858 2403 vaticiniadari
873 2353 1000 2421 possunt
1044 2342 1220 2418 suffragatur
1232 2360 1309 2399 com·

118 2438 206 2496 munis
220 2438 351 2497 omnium
365 2440 514 2516 hominum
529 2460 632 2499 sensus
647 2441 720 2500 hane
735 2451 903 2519 potestatem
919 2439 984 2499 Deo
998 2439 1192 2497 tribuentium.

151 2530 220 2612 Obj.
238 2536 264 2592 l.
286 2533 399 2603 Liberae
412 2535 561 2594 hominum
576 2537 702 2595 actiones
716 2547 864 2610 nequeunt
882 2535 1020 2613 praesciri,
1036 2535 1144 2611 quippe
1156 2551 1224 2623 ‘quae
1238 2551 1308 2610 pen·

119 2625 180 2686 dent
193 2647 232 2688 ex
244 2629 361 2705 incertis
375 2631 526 2691 hominum
540 2633 678 2694 consiliis.
755 2700 759 2711 .

151 2722 244 2802 Beap.
265 2724 384 2784 Liberos
398 2729 525 2788 actiones
536 2747 573 2795 ex
585 2730 712 2787 consiliis
726 2728 854 2787 cordium
869 2727 1004 2805 pendere,
1017 2745 1082 2799 quae
1096 2744 1189 2803 perse
1200 2726 1309 2782 ineerta

118 2829 192 2889 sunt.
203 2820 257 2886 sed
270 2832 348 2887 certo
362 2816 426 2883 Deo
440 2825 630 2895 innotescunt,
644 2845 732 2898 quum
747 2826 818 2883 nihil
832 2826 861 2882 in
876 2843 969 2882 rerum
984 2834 1082 2880 natura
1095 2822 1186 2898 possit
1199 2822 1226 2878 ei
1240 2839 1305 2878 esse

114 2918 264 2976 oecultum.
306 2919 452 2991 Equidem
466 2921 524 2978 nisi
544 2921 627 2998 plane
648 2933 798 2998 perspecta
811 2921 927 2978 haberet
940 2917 1033 3000 cordis
1048 2917 1172 2993 humana
1185 2915 1306 2973 consilia

79 3050 89 3095 ².
114 3012 211 3081 lutura,
225 3015 387 3088 liberasque
402 3015 660 3084 determinationes,
676 3036 734 3075 non
748 3029 846 3094 posset
872 3014 1011 3074 moderari
1032 3013 1180 3080 mundum,
1195 3031 1304 3085 suaque

103 3110 231 3170 -eondere
246 3111 368 3179 decreta,
385 3113 436 3171 sed
455 3114 594 3191 penderet
606 3134 643 3175 ex
657 3110 772 3173 incertis
787 3115 936 3173 hominum
957 3112 1104 3179 consiliis}
1127 3103 1204 3184 quod
1224 3111 1306 3173 abso-

114 3192 181 3264 num
194 3207 312 3284 prorsus
327 3218 380 3266 est.
422 3209 502 3286 Ergo
517 3212 612 3268 omnia
626 3212 749 3288 praescit,
763 3229 852 3292 eaque
867 3229 918 3288 pro
932 3209 1047 3266 arbitrio
1061 3207 1184 3265 revelare
1199 3216 1302 3282 potest.

150 3302 216 3383 Otj.
231 3309 261 3361 2.
284 3304 316 3361 Si
338 3305 629 3365 hominumconsilia
644 3309 746 3383 'omnia
764 3329 780 3364 a
799 3309 863 3387 Deo
887 3305 1117 3383 praeviderentur,
1140 3303 1300 3360 necessario

112 3410 294 3472 sequerentur
308 3400 363 3458 Dei
379 3403 598 3476 praescientiam,
615 3405 732 3480 jamque
746 3405 905 3484 liberanon
920 3404 1020 3460 forent.

146 3496 234 3575 Jeep.
256 3498 329 3564 Quae
341 3519 357 3556 a
368 3499 431 3558 Deo
446 3504 633 3577 praesciuntur
647 3480 723 3559 certo
734 3502 878 3569 eveniunt,
893 3501 943 3558 sed
958 3499 1034 3557 haud
1049 3497 1221 3565 necessario,
1234 3515 1300 3555 nam

111 3591 163 3650 Dei
174 3594 354 3671 praescientia
362 3614 396 3653 ea
405 3596 502 3655 divino
514 3598 669 3655 intellectui
681 3597 807 3654 exhibita
818 3597 963 3672 supponit,
973 3613 1027 3652 nec
1037 3594 1190 3651 humanam
1202 3594 1300 3651 volun-

109 3697 189 3748 tatem
201 3688 266 3767 ipsa
276 3688 451 3750 determinat.
494 3693 566 3750 Falli
581 3712 638 3750 non
650 3702 743 3769 potest
757 3692 853 3758 Deus;
877 3691 982 3748 idcirco
997 3701 1073 3747 certo
1087 3689 1220 3747 evenient
1233 3708 1296 3761 quae

109 3787 252 3862 previdit:
275 3776 327 3846 sed
343 3790 474 3865 praevidit
487 3810 520 3847 ea
533 3791 620 3848 libere
634 3801 778 3858 eventura,
794 3789 914 3861 ideoque
928 3789 1015 3845 libere
1030 3788 1171 3845 evenient.

148 3898 214 3978 obj.
230 3905 259 3959 3.
282 3901 426 3963 Humanae
441 3904 593 3962 voluntatis
608 3906 709 3962 futurae
724 3904 972 3962 determinationes
988 3903 1147 3960 nullatenus
1162 3903 1297 3969 existunt,

109 3997 259 4068 nequidem
274 3997 304 4054 in
318 4008 413 4056 mente
428 3999 532 4067 divina,
545 4000 617 4058 nihil
632 3989 708 4059 enim
722 4001 841 4059 omnino
856 4002 946 4057 sunt.³

1257 4168 1281 4201 ἡ.

137 4204 172 4265 (l)
189 4202 337 4255 Van-Delon
348 4206 378 4255 de
390 4207 463 4264 Orac.
475 4208 574 4263 illunis.
586 4209 644 4258 dise.
656 4209 682 4258 ii.
909 4274 911 4278 Α

137 4285 173 4348 (2)
190 4287 268 4336 Paine
279 4284 440 4354 ambiguitate
451 4291 517 4340 vocis
529 4292 645 4349 abutitur,
657 4299 684 4341 ut
696 4293 746 4340 vim
763 4291 820 4340 huic
835 4295 981 4355 argumento
992 4289 1112 4347 detrahat,
1124 4287 1297 4336 animadvertit

107 4369 193 4434 quippe
204 4371 355 4435 prophetiam
365 4373 439 4443 variis
451 4375 563 4429 sensibus
575 4375 639 4439 apud
650 4375 739 4425 Sacros
750 4375 886 4439 Scriptores
897 4373 976 4422 sumi:
993 4373 1035 4421 sed
1048 4388 1078 4420 ex
1086 4387 1145 4420 voce
1156 4387 1205 4419 non
1222 4385 1296 4434 argu-

109 4460 251 4504 mentamur.
269 4454 308 4504 De
319 4455 421 4506 diversis
432 4460 485 4522 eJ'us
496 4459 718 4526 significationibus
730 4459 785 4507 vide
797 4475 857 4522 opus
868 4457 1006 4507 cardinalis
1018 4457 1054 4513 Dc
1069 4455 1107 4504 lm
1119 4453 1296 4512 Luzerne,›5tar

111 4535 146 4584 les
158 4535 308 4603 Propheties.
642 4549 644 4553 '
1038 4551 1040 4554 ·

136 4618 174 4682 (a)
191 4605 975 4690 luv0ltaire',philosophiedel’histoiresternumenta.
1008 4704 1013 4717 .
