2738 5032
125 258 184 315 8⁴2
538 259 594 321 DE
615 260 890 323 TRADITIONE.

166 412 326 475 Probatur.
348 415 399 475 lllr
413 417 480 478 fidei
500 419 597 497 regula
614 421 698 498 plena
711 431 741 480 et
754 422 877 499 perlecta
889 418 1010 481 dicende
1020 428 1075 491 srt,
1088 438 1147 495 qua
1159 417 1307 479 deficiente

126 511 206 571 nulla
218 526 262 571 est
274 526 349 571 certa
361 516 540 575 revelationis
554 518 662 585 notitia,
675 537 729 591 qua
738 530 831 577 autern
845 519 938 594 posita
948 516 1061 595 pbnsm
1067 526 1232 590 certamque
1246 518 1308 594 ejus

127 608 255 666 notitiam
269 608 426 669 babemus:
448 613 595 671 traditione
616 626 707 672 autem
733 613 891 682 deficiente,
905 614 977 672 nihil
990 614 1060 673 certi
1082 612 1118 671 de
1138 613 1308 672 revelatione

126 707 271 773 novimus,
286 726 338 767 nec
351 711 428 769 enim
443 712 491 783 qui
505 712 568 769 libri
582 710 670 770 divini
685 712 805 769 habendi
820 712 886 781 sint,
901 712 946 769 vel
960 731 1017 786 qua
1030 712 1137 770 ratione
1158 712 1217 769 sint
1229 712 1307 769 intel·

125 800 232 879 ligendi
246 805 314 863 alias
334 807 504 866 innotescit:
526 826 561 866 ea
583 820 677 865 autem
699 818 779 873 teste,
794 809 954 885 interprete,
969 820 999 866 et
1018 808 1161 885 magistra,
1175 808 1305 866 novimus

125 900 283 961 certissime
302 902 435 981 dognata
454 906 585 973 revelata,
606 923 669 977 quse
690 905 795 978 absque
817 904 876 963 ulle
898 906 1078 983 ambiguitate
1098 906 1234 982 proponit
1249 923 1306 963 cre·

123 992 233 1053 denda:
255 1000 386 1059 norimus
401 1001 553 1077 scripture
567 999 692 1058 divinam
705 1000 917 1068 auctoritatem
938 1010 968 1059 et
980 1019 1043 1058 eam
1063 1019 1100 1059 eo
1119 1018 1214 1075 usque
1227 999 1306 1059 intel·

121 1086 248 1165 ligimus,
262 1103 293 1151 ot
312 1093 444 1173 dogmata
464 1094 611 1154 traditione
631 1095 769 1153 celebrata
789 1113 823 1153 es
846 1096 993 1165 contineri,
1007 1094 1054 1153 vel
1074 1094 1180 1165 fulciri,
1204 1095 1302 1155 saltem

122 1184 269 1259 indirecte,
278 1202 397 1251 constet.

159 1284 213 1345 llls
224 1288 292 1348 fidei
306 1291 402 1368 regula
415 1289 581 1367 excipienda
594 1297 638 1347 est
657 1306 720 1362 que
740 1288 775 1346 ab
795 1289 877 1348 initio
896 1289 938 1347 rei
952 1288 1241 1369 ChristianoeJviguit,
1254 1308 1303 1367 per

119 1400 221 1443 omnes
235 1396 333 1464 gentes
347 1397 376 1445 et
388 1406 439 1464 per
452 1387 548 1445 omnia
566 1385 680 1454 secula,
694 1403 814 1459 queque
826 1385 917 1445 indoli
930 1396 959 1445 et
977 1384 1135 1446 conditioni
1154 1386 1302 1447 hominum

118 1492 165 1538 est
177 1482 300 1540 maxime
314 1482 541 1543 accommodata:
563 1481 675 1541 traditio
693 1492 798 1549 autem,
820 1481 932 1559 publica
944 1482 1054 1542 scilicet
1063 1482 1226 1561 Apostoliei
1232 1483 1302 1543 min-

117 1574 208 1635 isterii
234 1576 370 1648 doctrina,
393 1590 423 1637 et
443 1579 581 1639 Ecclesie
603 1576 686 1647 fides,
706 1579 742 1637 ab
763 1578 845 1637 initio
864 1578 907 1637 rei
933 1576 1104 1637 Christianae
1125 1579 1229 1659 viguit,
1249 1598 1300 1639 noc

37 1684 41 1695 ·
117 1674 262 1734 enimslia
282 1677 467 1736 rationemte
489 1678 625 1755 seriptum
648 1676 766 1735 Novum
790 1676 1007 1735 Testamentum
1030 1675 1143 1735 Christi
1166 1676 1298 1739 revelatio

115 1770 256 1830 innourit:
271 1782 301 1833 et
312 1785 378 1852 post
390 1774 593 1852 Apostolorum
607 1783 716 1833 etatem
728 1772 858 1849 gentibus
870 1773 1004 1841 barbaris,
1019 1782 1048 1831 et
1064 1773 1210 1850 plerisque
1222 1774 1297 1852 apud

114 1877 214 1945 gentes
228 1888 328 1930 omnes
351 1871 504 1929 litterarum
525 1869 676 1947 imperitis,
691 1868 736 1927 vel
756 1866 870 1927 codices
894 1887 952 1927 non
973 1868 1155 1941 habentibus,
1176 1870 1297 1929 innotuit
1335 1876 1343 1883 '

114 1964 176 2043 pari
189 1967 314 2027 ratione:
329 1978 358 2026 et
371 1967 406 2027 sd
420 1976 516 2027 nosne
527 1983 618 2041 usque
630 1972 758 2042 tempora
771 1964 914 2041 plerisque
928 1983 986 2024 non
1010 1965 1066 2023 alie
1079 1966 1187 2025 ratione
1202 1976 1296 2045 potest

114 2064 301 2125 innotescere.
342 2068 388 2125 Ea
401 2066 515 2141 quidem
528 2074 572 2123 est
583 2063 732 2122 hominum
745 2063 942 2123 universorum
961 2062 1083 2127 indoles,
1102 2072 1136 2122 ut
1154 2064 1230 2124 lente
1249 2064 1296 2123 ad·

113 2160 232 2221 modom
245 2173 273 2221 et
286 2161 370 2222 dubie
385 2164 414 2222 in
427 2181 520 2221 rerum
531 2160 663 2239 indagine
677 2158 840 2237 procedant,
853 2158 912 2219 nisi
930 2169 1006 2218 certe
1019 2170 1124 2237 praeeat
1144 2162 1295 2221 auctoritas

113 2274 171 2331 qua
183 2258 379 2318 instituantur:
395 2269 565 2337 quapropter
577 2256 661 2336 pauci
674 2257 801 2325 omniuo,
811 2266 840 2314 et
852 2266 918 2334 post
925 2254 1070 2315 diuturnas
1085 2255 1294 2327 meditationes,

112 2363 143 2413 et
155 2356 227 2414 inter
242 2359 391 2417 multarum
405 2358 608 2416 dubitationum
621 2355 775 2432 angustias,
789 2352 897 2428 aliquid
908 2352 945 2413 de
957 2352 1023 2413 Deo
1032 2352 1176 2429 rebusque
1189 2352 1292 2415 divinis

111 2460 239 2517 nossent,
255 2452 311 2507 nisi
324 2452 479 2509 traditionis
493 2452 553 2509 face
567 2450 759 2527 praelucente]

150 2543 242 2601 Extra
262 2563 376 2604 omnem
400 2545 579 2604 dubitationis
602 2543 692 2601 aleam
717 2553 761 2601 est
779 2543 933 2621 Apostolos
954 2546 1020 2605 viva
1042 2564 1113 2605 voce
1131 2549 1292 2625 martin

110 2640 242 2701 docuisse
251 2641 360 2713 fideles,
370 2642 440 2703 adeo
453 2654 484 2702 ut
497 2643 527 2703 in
541 2642 601 2700 suis
615 2640 728 2718 scriptis
742 2641 778 2699 ad
792 2660 857 2701 eam
866 2642 995 2721 regulam
1009 2645 1115 2722 sepius
1127 2658 1290 2707 mannent:

109 2738 224 2797 “laudo
237 2758 300 2809 vos,
313 2739 422 2810 fratres,
436 2738 513 2815 quod
523 2737 682 2817 peremnia
695 2738 752 2796 mei
772 2756 913 2797 memoror
935 2740 1014 2807 estis,
1039 2750 1068 2798 et
1091 2741 1168 2801 sient
1190 2742 1290 2803 tradidi

108 2836 201 2905 robis,
216 2850 356 2916 precepta
368 2857 432 2897 mea
445 2832 592 2896 tenetis.”²
611 2836 629 2873 ¹*
649 2833 666 2867 *
689 2834 706 2868 ¹⁸
728 2834 823 2913 “Ego
837 2835 915 2893 enim
928 2836 1027 2913 accepi
1040 2856 1058 2895 a
1070 2836 1198 2899 Domino
1213 2840 1289 2915 qnod

107 2930 208 2989 tradidi
221 2933 350 2992 vobis.”¹
387 2933 434 2992 De
446 2931 627 2993 instructione
641 2930 701 2988 sire
716 2947 795 2998 voce,
810 2930 871 2989 sive
885 2931 991 3008 scripto
1004 2932 1066 3009 pari
1078 2933 1188 2993 ratione
1197 2934 1289 3010 loqui·

106 3035 168 3084 tur:
192 3034 212 3062 ‘⁴
222 3027 310 3096 State,
320 3039 348 3086 et
361 3039 451 3088 tenete
465 3028 637 3095 traditiones,
647 3044 717 3100 quas
731 3025 880 3093 didicistis,
896 3027 957 3085 sire
970 3045 1022 3104 per
1035 3046 1210 3101 sermonem,
1224 3032 1286 3091 sire

106 3142 159 3201 per
172 3122 320 3200 epistolam
335 3124 505 3183 nostrum.''⁸
542 3124 588 3181 Ea
611 3123 718 3180 ratione
739 3122 859 3181 instituti
883 3133 949 3182 sunt
970 3123 1027 3200 ipsi
1049 3126 1198 3201 presules,
1214 3146 1285 3202 quor

61 3206 66 3221 ¹
105 3230 276 3281 monuerunt
288 3231 320 3278 ut
332 3220 402 3279 alios
415 3221 458 3279 sic
470 3220 665 3278 instituerent:
708 3218 766 3278 “0
790 3219 954 3289 Timothee,
979 3218 1142 3297 depositum
1163 3224 1285 3294 custodi,

104 3317 233 3378 desimus
247 3319 376 3395 profanus
387 3336 488 3377 vocum
502 3314 686 3375 novitates.''⁴
725 3322 745 3351 “
758 3315 977 3375 Formam-habe
987 3336 1121 3377 sanomm
1135 3321 1285 3381 verbomm

104 3436 169 3493 que
183 3436 259 3477 ame
275 3417 376 3476 audisti
389 3417 419 3475 in
432 3416 498 3485 fide,
513 3424 542 3473 et
555 3414 584 3471 in
597 3412 746 3471 dilectione
760 3414 790 3471 in
804 3412 921 3471 Christo
940 3415 1022 3473 Jesu.
1063 3414 1179 3476 Bonum
1199 3417 1286 3497 depo·

102 3513 229 3589 positum
250 3512 360 3571 custodi
373 3512 573 3590 perspiritum
598 3508 743 3578 Sanctum,
759 3510 808 3583 qui
832 3510 938 3568 habitat
959 3511 989 3569 in
1010 3512 1140 3571 nobis.'‘⁶
1181 3515 1283 3584 “Quo

101 3606 206 3665 nuduli
220 3629 237 3666 a
250 3628 296 3668 me
318 3628 369 3687 per
390 3610 492 3668 multos
512 3617 608 3675 testes,
622 3606 683 3665 hec
706 3605 873 3665 commendo
889 3606 1020 3666 fidelibus
1042 3609 1220 3682 hominibus,
1234 3614 1284 3691 qni

102 3698 199 3759 idonei
212 3716 294 3763 eruut
306 3719 334 3765 et
347 3707 417 3765 alios
431 3704 577 3765 docere.'’⁶
615 3702 704 3780 Igitur
717 3702 993 3781 Apostolicesaltem
1005 3712 1085 3765 etsie
1097 3706 1211 3769 traditio
1225 3720 1284 3770 erat

101 3796 169 3856 fidei
183 3802 287 3875 regula.

143 3893 234 3954 Prob.
250 3898 292 3957 II.
315 3900 470 3959 Innumos:
487 3899 692 3957 “traditionem
707 3896 1013 3974 Apostolommintoto
1027 3898 1135 3961 mundo
1149 3904 1283 3985 manifes-

102 3998 199 4059 num,
212 3992 330 4054 inomni
346 3999 473 4057 Ecclesia
483 3996 562 4055 adest
575 3996 734 4073 perspicere
747 3995 879 4051 omnibus
893 3995 942 4066 qui
956 4014 1022 4053 vera
1037 3997 1123 4054 velint
1136 3999 1284 4060 audire.'’⁷

104 4086 253 4147 Hereticis
278 4094 414 4153 occultam
439 4093 578 4168 quandam
598 4091 774 4150 traditionem
798 4109 962 4148 arcanorum
981 4092 1164 4168 jactantibus
1190 4099 1283 4174 publi·

102 4206 164 4249 cam
186 4189 258 4249 hanc
282 4188 419 4250 Ecclesiae
443 4194 527 4252 totius
549 4190 635 4250 iidem
658 4200 687 4248 et
707 4187 884 4248 traditionem
904 4189 1022 4248 fidenter
1036 4193 1167 4268 opponit,
1188 4214 1282 4273 eaque

231 4345 293 4409 (1)Ῑ
307 4345 362 4394 Cor.
376 4348 442 4399 xib.
762 4346 799 4406 (5)
812 4344 840 4395 11
851 4345 917 4394 Tim
928 4344 945 4393 i.
956 4344 994 4395 1³.

228 4429 265 4492 (2)
278 4427 373 4479 Ibidem
382 4444 404 4477 v.
415 4429 454 4479 2³.
761 4427 798 4489 (6)
810 4426 838 4477 II
849 4427 915 4477 Tim.
926 4427 952 4477 ii.
962 4427 986 4476 2.

229 4511 265 4575 (3)
278 4512 306 4562 11
317 4509 404 4561 Thess.
415 4512 441 4562 ii.
453 4513 489 4562 lt.
764 4512 800 4572 (7)
812 4510 841 4560 L.
852 4510 902 4561 111.
914 4511 967 4562 cdv.
977 4512 1036 4563 her.
1051 4528 1072 4563 c·
1086 4513 1121 4564 iii.

229 4595 265 4658 (4)
278 4594 292 4646 Ι
302 4593 368 4649 Tim.
378 4593 410 4644 vi.
420 4593 459 4644 20.
