2738 5032
510 588 911 671 PRAEFATIO.

164 914 255 998 Qun
264 938 319 986 me
332 914 811 1010 dementiaceperitutvelim
821 915 858 986 in
871 917 1107 990 eruditissimo
1117 919 1182 990 boc
1195 939 1304 1009 sccu-

112 1049 174 1121 ulo
188 1075 274 1147 opus
287 1049 542 1144 Theologicum
553 1050 590 1120 in
603 1049 715 1120 lucem
724 1051 844 1138 edere,
856 1051 951 1124 inter
963 1052 1141 1125 Missionis
1152 1067 1189 1126 et
1202 1053 1304 1149 Epis·

111 1195 258 1279 copatus
271 1206 381 1272 cures,
394 1183 611 1254 mirabuntur
622 1183 776 1279 plurimi.
804 1184 843 1254 N
844 1208 886 1256 ec
897 1196 1010 1257 tamen
1022 1187 1200 1258 idconsilii
1216 1186 1303 1258 mibi

110 1330 245 1390 tantum
256 1319 431 1393 occurrit-z
447 1318 524 1389 viro
536 1316 672 1413 quippe
686 1317 880 1390 litterarum
894 1319 996 1391 laude
1011 1332 1142 1395 ornato,
1153 1320 1303 1392 Ambro-

114 1450 170 1521 sio
185 1449 377 1539 Marechal,
397 1451 478 1521 dum
493 1448 699 1542 Theologiae
712 1450 917 1545 professoris
934 1475 1077 1524 munere
1094 1453 1130 1524 in
1146 1452 1302 1524 Semina·

108 1580 168 1651 rio
196 1579 231 1652 S.
252 1580 379 1651 Mariae
396 1579 641 1652 Baltimorensi
669 1582 888 1672 fungeretur,
908 1597 1142 1679 opportunum
1168 1598 1205 1658 et
1228 1587 1303 1657 lere

109 1716 341 1787 necessarium
356 1714 466 1787 vnum
478 1727 530 1786 est
541 1738 627 1811 opus
640 1713 838 1810 hujusmodi
850 1716 970 1805 edere,
978 1719 1105 1791 nostris
1116 1718 1232 1790 usibus
1245 1743 1301 1790 ac·

109 1851 390 1920 commodatum:
422 1849 517 1942 quod
548 1859 672 1927 tamen,
694 1848 739 1918 ad
771 1848 1127 1945 Arcbiepiscopatum
1161 1865 1325 1925 evectus·

107 1982 291 2052 absolvere
307 2006 375 2053 non
392 1981 518 2078 potuit.
570 1981 670 2055 Alios
687 1981 789 2052 etiam
804 1981 889 2065 povi
906 1981 967 2075 qui
985 1987 1182 2075 queruntur
1204 1982 1301 2056 inter

109 2082 407 2210 praestantissimos
423 2125 588 2187 uocatus
605 2115 667 2207 qui
683 2115 720 2184 in
736 2114 878 2209 Europa
895 2128 975 2186 sunt
991 2114 1094 2205 editi,
1111 2116 1173 2186 vix
1196 2141 1299 2213 repe·

108 2248 176 2319 riri
205 2260 336 2319 certum
366 2249 519 2342 aliquem
546 2258 721 2318 auctorem
749 2247 810 2341 qui
836 2248 1090 2320 controversias
1115 2250 1211 2343 apud
1239 2272 1300 2322 nos

106 2381 252 2475 agitatas
267 2405 383 2469 omnes
400 2381 664 2477 complectatur,
684 2381 740 2450 vel
765 2402 883 2451 rerum
909 2381 1141 2453 conditionem
1167 2383 1204 2457 in
1229 2406 1298 2476 qua

105 2542 286 2589 versamur
301 2518 568 2614 contempletur.
620 2517 689 2600 Qui
706 2518 822 2614 operis
838 2518 1006 2590 invidiam
1023 2521 1296 2617 periculumque
1330 2554 1337 2573 ·

105 2651 146 2721 in
161 2676 198 2721 se
213 2651 390 2747 suscipere
405 2651 512 2722 vellet
527 2674 595 2721 non
612 2651 744 2739 inveni,
763 2652 913 2744 ideoque
927 2674 1006 2745 qute
1022 2653 1059 2725 in
1076 2653 1145 2723 mei
1166 2654 1293 2726 utilita-

103 2796 176 2854 tem
194 2783 291 2879 prius
307 2783 573 2879 exscripseram,
592 2781 752 2877 plurimis
775 2783 1011 2855 additionibus
1035 2799 1149 2874 aucta,
1168 2786 1292 2857 amico·
1340 2806 1359 2839 ἰ

104 2941 183 2988 rum
200 2917 395 2988 eruditione
411 2916 649 3012 prestantium
667 2939 745 3011 eum
759 2916 796 2987 in
811 2917 916 2986 finem
935 2940 1012 2989 usus
1022 2942 1141 3016 opera,
1157 2919 1292 3015 publici

99 3050 195 3146 juris
210 3049 366 3151 facienda
383 3048 491 3123 duxi:
509 3049 667 3145 prunulis
683 3049 841 3120 doctrina
858 3063 894 3122 et
919 3051 1050 3147 pietate
1067 3052 1211 3147 insignis
1231 3052 1290 3148 ju·
1345 3048 1351 3057 ’

103 3182 198 3253 dicio
214 3166 446 3254 confirmatus.
499 3180 680 3280 Optassem
706 3183 848 3277 quidem
866 3183 937 3255 otio
960 3184 1042 3273 frui,
1063 3197 1099 3256 et
1123 3186 1291 3258 librorum
1338 3246 1347 3269 ⁴

103 3312 316 3410 supellectili
332 3311 453 3411 majori
470 3335 547 3382 cum
566 3310 781 3384 eruditorum
799 3311 955 3384 virorum
970 3292 1190 3402 consiliisjut
1205 3342 1291 3414 opus

103 3445 334 3541 perficerem3
352 3446 414 3515 sed
431 3444 578 3515 verebar
602 3467 646 3513 ne
671 3444 708 3513 id
736 3443 822 3513 mihi
849 3468 1012 3549 unquam.
1023 3418 1289 3539 concederetur,

97 3577 172 3673 jam
186 3551 325 3649 'vinculo
342 3577 571 3672 Episcopatus
586 3572 714 3668 ligatot
732 3577 882 3679 ideoque
900 3600 1008 3647 moras
1026 3578 1137 3673 posui,
1157 3591 1196 3650 ut
1221 3606 1289 3676 qua

103 3737 237 3809 possem
261 3713 392 3809 ratione
416 3711 644 3783 studiosorum
662 3709 865 3804 Theologiae
890 3712 1103 3783 consulerem
1131 3715 1286 3806 utilitati,

102 3869 182 3916 cum
200 3869 415 3949 quocumque
433 3818 537 3935 'famae
563 3844 764 3913 discrimine
782 3844 837 3913 vel
863 3845 1057 3939 dispendio.
1109 3845 1284 3919 Decreve-

102 4000 174 4048 ram
197 3944 295 4073 prius
321 3977 442 4049 borum
472 3946 704 4048 tantummodo
730 3977 806 4047 usui
835 3974 1091 4046 accommodare
1121 4002 1220 4074 opus,
1249 3994 1286 4053 et

100 4111 313 4200 brevissime,
330 4114 442 4207 quoad
458 4112 536 4181 fieri
553 4111 691 4200 liceret,
710 4114 1043 4207 dogmataprobare,
1059 4127 1095 4185 et
1107 4139 1185 4208 qum
1201 4117 1284 4188 alias
1331 4110 1334 4117 ’

99 4247 192 4317 scitu
204 4258 283 4317 sunt
298 4245 488 4317 ueoessaria
499 4268 688 4339 exponere:
699 4247 759 4315 sed
771 4247 877 4316 fusius
890 4245 1058 4341 deinceps
1072 4247 1129 4340 egi
1140 4219 1184 4317 ne
1196 4249 1281 4319 fidei

99 4378 253 4450 hostibus
269 4356 309 4448 ea
327 4377 534 4475 prodidisse,
550 4379 776 4473 potiusquam
795 4379 998 4466 vindicasse,
1009 4370 1172 4468 uiderer,
1188 4406 1279 4472 nam,

97 4523 140 4584 ut
155 4524 250 4583 recte
266 4511 511 4582 animadvertit
525 4511 711 4607 preclarus
736 4511 856 4583 doctor
881 4511 1109 4605 Augustinus,
1137 4514 1164 4555 “
1175 4513 1278 4586 facile
