2738 5032
126 254 187 314 tud
295 254 352 317 DE
372 254 700 319 semproniensi
722 252 1138 320 impermistum

124 411 193 472 dum
207 413 342 473 rationem
357 414 445 473 hdei’
459 416 520 474 tieri
535 416 647 475 debuit:
668 417 736 475 licet
753 418 831 476 enim
844 418 941 477 lumen
960 417 1171 494 supernaturale
1192 417 1304 494 effulgo-

125 521 177 577 ret,
212 511 282 568 nibil
316 523 408 570 tamen
442 531 478 570 eo
511 524 648 589 praetexta
681 515 760 572 licuit
792 516 915 589 prolerre
949 515 1025 588 quod
1050 515 1117 573 tidei
1146 532 1206 572 non
1239 515 1306 573 lutet

124 624 292 664 scamnum.
335 608 418 666 llanc
434 610 633 686 interpretandi
647 601 772 687 regulam
782 611 894 669 tradidit
904 612 973 668 alias
988 610 1103 678 Paulus,
1118 611 1304 669 Timotheum

123 701 241 760 laudans
255 702 330 776 quod
346 705 504 782 Suripmras
519 707 553 763 ab
567 707 682 764 infantia
695 718 809 767 uomet:
833 718 853 744 “
863 726 925 780 qua
938 718 977 765 te‘
987 718 1108 785 possunt
1119 708 1259 765 instruere
1271 705 1307 765 ad

123 799 241 858 salutem
257 819 309 876 per
321 801 405 860 tidem
421 822 484 876 qure
498 813 542 860 est
554 804 583 861 in
598 803 715 861 Christo
728 804 847 862 lesu.”¹
944 842 947 851 ·

163 894 241 954 ldem
257 897 409 956 insinuavit
434 899 534 957 Petrus
549 917 668 958 monens
683 900 781 957 fideles
805 901 834 958 in
847 901 985 959 vaticiniis
1005 908 1088 958 suunt
1109 916 1229 957 sensum
1249 909 1305 957 non

122 1006 251 1070 oportere
259 996 342 1068 sequi
354 1015 362 1052 ι
379 1006 399 1032 “
410 997 465 1054 hoc
474 997 595 1073 primum
605 997 803 1077 intelligentes,
813 998 888 1071 quod
897 998 990 1057 omnis
1002 998 1151 1074 prophetia
1160 999 1302 1074 scriptino

121 1093 234 1168 propria
254 1093 482 1170 interpretatione
502 1114 560 1153 non
579 1096 630 1152 fit:
653 1095 712 1156 uta,
728 1097 882 1157 haimos-⁸-
911 1095 978 1153 Non
998 1096 1075 1152 enim
1091 1094 1234 1152 vuluntate
1255 1095 1302 1152 brt·
1329 1094 1331 1099 ⁴

120 1205 205 1246 maus
217 1189 298 1247 allata
311 1201 356 1247 est
368 1190 518 1263 aliquande
539 1191 705 1268 prophetin
727 1189 777 1247 sed
797 1191 1030 1275 SpirituSaueto
1055 1192 1196 1266 inspirati,
1218 1191 1301 1273 locuti

119 1298 187 1345 suut
199 1287 286 1345 sancti
302 1287 358 1345 Dei
372 1283 535 1346 homines.”
576 1288 807 1364 Explicatiunem
828 1289 963 1364 privatam
977 1284 1064 1348 voees
1082 1288 1138 1347 ille
1159 1286 1300 1356 denotant,

120 1400 205 1456 quam
221 1402 277 1441 non
291 1383 459 1461 affigendam
474 1403 554 1443 sacro
576 1385 663 1443 textui
688 1384 771 1443 docet
794 1386 959 1462 Apostolus,
984 1386 1132 1458 quianon
1154 1386 1300 1444 huminum

119 1481 214 1547 rerba,
228 1479 278 1537 sed
291 1480 414 1557 Spiritus
426 1481 524 1539 Sancti
539 1482 690 1539 dictamina
702 1482 836 1539 oouhnet.
877 1482 995 1540 Publica
1005 1482 1089 1557 igitur
1099 1482 1298 1565 interpretatio,

58 1562 65 1573 ⁸
119 1576 281 1654 magisterio
295 1578 461 1653 Apostolico
475 1597 610 1645 consona,
625 1589 669 1636 est
689 1578 811 1652 eloquiis
836 1580 922 1636 sacris
945 1570 1100 1638 tribuenda.
1143 1578 1177 1636 Id
1202 1579 1300 1636 iterum

118 1673 172 1730 sub
186 1673 313 1749 epistolae
328 1674 457 1750 ejusdcm
478 1676 565 1734 finem
579 1675 709 1741 inculcat,
724 1674 875 1732 ostendens
898 1676 1038 1733 interitum
1053 1691 1168 1732 manere
1183 1692 1232 1751 eos
1253 1673 1299 1746 qui

118 1769 271 1845 scripturas
285 1768 321 1829 sd
335 1789 402 1828 suos
416 1789 517 1829 sensus
541 1771 730 1844 detorquent:
772 1770 922 1830 “Domini
936 1771 1025 1829 nostri
1046 1770 1296 1848 longanimitatem,

117 1865 236 1926 salutem
252 1868 442 1927 arbitremini:
465 1869 539 1927 sicut
551 1879 579 1925 et
592 1868 775 1926 charissimus
795 1866 880 1944 irater
897 1877 993 1926 noster
1013 1867 1121 1927 Paulus
1146 1864 1297 1926 secundum
1350 1851 1352 1857 ’

116 1958 210 2022 datam
224 1964 279 2023 sibi
293 1965 461 2042 sapientiam
475 1965 589 2042 scripsit
602 1965 693 2038 vobis,
704 1965 779 2024 sicut
792 1975 820 2022 et
833 1965 863 2024 in
874 1967 1011 2035 ‚omnibus
1026 1958 1168 2042 epistolis,
1180 1964 1297 2038 loquens

116 2059 147 2118 in
161 2061 203 2119 eis
217 2060 252 2119 de
266 2060 323 2130 his,
339 2062 367 2119 in
382 2061 485 2135 quibus
498 2072 566 2120 sunt
578 2060 707 2135 quadam
728 2059 855 2120 difficilia
878 2059 1043 2130 intellectu,
1056 2079 1120 2139 quae
1145 2057 1252 2139 indocti
1272 2070 1298 2120 et

115 2155 261 2215 instabiles
276 2157 439 2234 depravant,
454 2159 528 2216 sicut
540 2167 569 2217 et
582 2166 695 2216 ceteras
708 2157 877 2235 Scripturas,
887 2147 922 2216 ad
931 2156 1012 2216 sua'm
1025 2157 1161 2235 ipsorum·
1170 2151 1304 2235 perditio·⁴

115 2270 193 2312 nem.
234 2254 403 2332 vosigitur,
419 2255 527 2324 fratres,
552 2254 738 2333 praescientes
747 2253 903 2324 custodite;
927 2274 963 2313 ne
987 2239 1185 2332 insipientium
1207 2272 1296 2313 errore

115 2351 234 2410 traducti
248 2353 383 2412 excidatis
398 2374 415 2410 a
429 2354 542 2430 propria
560 2352 738 2411 firmitate.''⁸
776 2352 880 2426 Liquet
900 2340 1069 2431 Apostolum
1090 2369 1128 2410 ex
1149 2350 1296 2411 ludaismo

114 2464 267 2507 conversos
282 2452 423 2526 precipue
438 2453 578 2526 respicere
593 2451 642 2523 qui
654 2450 812 2525 discrimini
824 2468 963 2528 perversa
978 2450 1217 2527 interpretationis
1229 2450 1309 2528 objia

114 2544 267 2625 ciebantur.
300 2544 368 2621 Vult
382 2545 468 2622 igitur
480 2555 510 2601 ut
520 2547 678 2629 firmitatem
694 2548 834 2622 propriam
847 2542 992 2614 retineant,
1016 2564 1079 2617 eam
1090 2546 1202 2605 scilicet
1213 2566 1297 2621 quam

113 2658 151 2701 ax
164 2640 220 2700 fide
232 2646 377 2719 concepta,
389 2641 532 2718 Apostolis
544 2641 769 2719 predicantibus,
781 2642 901 2712 habent;
917 2643 988 2702 adeo
998 2656 1030 2702 ut
1040 2624 1295 2726 Scripturaelegau·
1351 2632 1365 2699 f

108 2750 167 2809 tur,
182 2733 368 2798 sanctissimis
382 2737 448 2797 fidei
463 2739 609 2816 principiis
624 2758 738 2816 semper
757 2740 983 2818 preluceatibus.

151 2836 304 2896 Probatur
320 2836 361 2894 ΙΙ.
393 2835 448 2895 Ec
471 2837 562 2896 totius
586 2838 886 2919 antiquitatis-sensu.
918 2838 1076 2905 Tutissima
1096 2818 1128 2896 ac
1149 2839 1293 2911 verissime

103 2924 323 3012 >Scripturarum
338 2935 528 3011 interpretatio
542 2953 577 2992 ea
590 2953 703 3012 semper
718 2934 812 2993 habita
825 2944 869 2992 est
882 2952 946 3008 quae
964 2934 1045 3011 juxta
1059 2927 1149 2994 fldem
1161 2955 1178 2994 a
1191 2954 1293 3014 presu-

111 3033 186 3091 libus
211 3026 350 3090 Ecclcsie
374 3032 511 3099 traditam,
537 3030 682 3091 communi
705 3035 793 3098 ¹‘veluti
823 3050 964 3092 consensu
988 3052 1038 3110 per
1062 3019 1173 3104 orbem,
1200 3035 1291 3093 tiebat

112 3129 268 3190 munus:
292 3137 310 3164 “
322 3128 427 3185 Paulus
442 3127 546 3186 docens
561 3131 615 3187 ait:
634 3126 747 3206 ‘posuit
760 3130 842 3189 Deus
855 3131 947 3208 primo
960 3131 990 3188 in
1001 3129 1134 3189 Ecclesia
1148 3130 1291 3208 Apostolis

111 3226 239 3286 secundo
273 3225 442 3303 Prophetas,
471 3227 551 3284 tertio
579 3226 731 3286 doctores.’
776 3227 838 3304 ‚Ubi
870 3228 956 3305 igitur
982 3226 1150 3292 charismata
1177 3210 1292 3287 Domini

111 3324 204 3402 posita
217 3331 292 3388 sunt,
307 3321 345 3379 ibi
367 3316 475 3379 discere
496 3333 606 3398 oportet
625 3324 784 3391 veritatem,
802 3323 876 3400 apud
901 3342 972 3397 quos
993 3333 1036 3382 est
1056 3341 1090 3382 ea
1110 3334 1239 3398 quaeest
1258 3324 1290 3382 ab

111 3421 257 3499 Apostolis
272 3419 410 3476 Ecclesiae
425 3420 578 3486 successio,
594 3429 622 3477 et
642 3419 669 3477 id
685 3419 759 3493 quod
775 3423 818 3477 est
838 3439 937 3478 sanum
959 3430 987 3478 et
1007 3420 1207 3505 irreprobabile
1228 3440 1291 3479 con·

110 3517 277 3595 versationis
292 3525 320 3588 et
331 3514 557 3598 'inadulteratum
572 3526 600 3573 et
613 3516 822 3593 incorruptibile
836 3517 974 3595 sermonis
994 3506 1113 3575 constat
1140 3514 1196 3591 „Hi
1215 3518 1290 3575 enim

111 3623 140 3672 et
152 3632 224 3671 eam·
236 3631 298 3686 quae
313 3623 357 3669 est
369 3612 398 3669 in
413 3631 500 3669 unum
516 3612 609 3670 Deum
624 3613 673 3685 qui
687 3613 782 3697 omnia
795 3612 871 3680 iecit,
882 3612 968 3682 ‚fidem
983 3623 1111 3671 nosuam
1119 3613 1288 3681 custodiunt

111 3718 140 3766 et
152 3727 214 3766 eam
229 3728 291 3782 quae
306 3718 350 3766 est
361 3710 388 3766 in
400 3708 505 3765 Filium
518 3708 572 3767 Dei
584 3708 763 3768 dilectionem
775 3708 1079 3786 adaugent--qnigtantas
1089 3709 1303 3786 dispositiones·

110 3815 225 3884 propter
237 3824 290 3863 nos
304 3805 387 3863 lecit:
409 3816 438 3864 et
452 3806 636 3864 Scaienunas
655 3792 721 3865 sius
742 3814 886 3892 aaarcuuo
906 3790 993 3865 nonis
1012 3819 1289 3882 antemnaque

143 4017 179 4077 (l)
192 4015 219 4065 11
231 4015 298 4064 Tim.
311 4015 345 4064 iii.
358 4018 393 4065 15.

120 4142 123 4147 .
144 4101 180 4163 (2)
193 4099 219 4149 11
232 4099 283 4147 Pet
293 4100 308 4147 i.
319 4099 357 4148 20.
393 4101 467 4153 Valde
479 4108 601 4166 anguntur
615 4100 755 4167 interpretes
765 4101 936 4171 Protertantici
946 4101 1045 4150 mnibus
1055 4100 1111 4150 illis.
1144 4099 1291 4170 Maoltnight

110 4201 152 4235 aas
163 4183 242 4233 reddit
258 4182 309 4230 “of
325 4184 416 4246 private
428 4184 576 4242 invention,”
588 4193 614 4235 ut
629 4187 736 4236 insinuet
748 4202 829 4235 sacros
846 4185 974 4246 scriptores
986 4175 1172 4248 designari,'qui
1183 4205 1231 4241 nnn
1243 4188 1288 4237 sibi

109 4269 232 4321 finxerunt
242 4280 294 4330 qua
306 4251 467 4327 scripserunt:
485 4269 526 4316 aed
543 4264 749 4332 “explicationem
766 4265 903 4331 privatam'’
914 4282 984 4316 voces
1003 4265 1125 4315 indicant:
1137 4265 1227 4329 fatetur
1239 4271 1288 4334 ipse

109 4369 136 4403 se
147 4369 201 4402 eam
213 4348 417 4416 significationem
430 4353 496 4402 nullo
507 4355 616 4417 exemplo
628 4355 690 4403 tueri
708 4362 788 4417 posset
797 4354 870 4404 “that
883 4354 924 4402 the
935 4351 1016 4400 Greelr
1029 4352 1096 4402 word
1108 4351 1190 4403 which
1204 4354 1217 4404 1
1229 4356 1288 4406 have

108 4436 240 4486 translated
249 4431 375 4485 invention
387 4432 445 4480 heth
457 4436 510 4485 that
520 4437 683 4502 signification
696 4437 722 4486 in
734 4437 834 4486 another
842 4435 1003 4494 Greekboolt,
1012 4433 1026 4483 Ι
1037 4435 1088 4486 will
1096 4442 1142 4501 ‘not
1151 4437 1212 4488 'take
1224 4455 1287 4506 upon

109 4535 150 4570 nte
164 4518 302 4570 toaffirm.”
336 4514 465 4567 labeum.
489 4566 497 4576 .,
983 4509 985 4515 ’
1139 4539 1142 4543 ·

142 4603 348 4666 mmmm
512 4590 513 4597 ’
