2738 5032
36 360 39 369 ἢ
97 287 147 345 rvr
238 334 246 345 .
522 283 576 342 nn
598 280 852 340 uunonocn.

98 454 161 501 ante
176 443 308 520 Origenis
323 451 459 519 tempora,
474 439 647 500 Alexandria
661 438 793 498 cathedra
811 437 930 497 celebris
951 435 1005 496 suit
1024 433 1153 494 Pantoeni
1173 442 1202 491 et
1216 431 1285 491 cle-

98 541 201 598 mentis
222 540 358 607 doctrina,
374 540 423 613 qui
444 540 541 597 Sacrae
561 538 731 615 Scripturas,
753 535 877 610 fideique
904 534 1037 613 dogmata
1063 530 1282 608 quamplurimis

96 639 274 716 explicarunt
288 637 479 705 auditoribus;
501 635 575 710 quod
589 654 693 694 munus
708 632 828 692 docendi
842 631 981 711 Origenes
1002 632 1065 709 ipse
1090 648 1193 708 magna
1213 647 1282 686 curn

99 736 181 794 laude
196 736 334 815 implerit.
376 726 491 795 Nomen
505 745 597 801 autem
621 730 813 810 “Theologi”
828 733 861 789 S.
884 729 1041 808 Gregorius
1064 729 1282 795 Nazianzenus,

97 835 134 892 ob
149 833 296 911 praeclaras
312 833 421 891 Christi
435 833 490 890 Dei
503 830 638 889 vindicias
659 830 790 889 obtinuit.
831 829 896 887 Nec
915 841 1010 886 tamen
1031 825 1193 903 Theologia
1212 833 1284 882 tarn

98 949 182 1004 quarn
197 933 371 995 scientiores
386 931 494 1011 divinas
508 930 651 988 universas
666 927 801 987 methodo
819 927 940 1002 quadam
965 926 1117 1003 dispositas
1139 923 1285 1002 compleo

97 1038 170 1099 tens,
185 1039 249 1087 ante
263 1027 397 1088 sarculum
410 1039 540 1099 octavum
553 1028 628 1088 felici
641 1045 777 1085 successu
790 1027 903 1085 exculta
915 1025 1058 1091 noscitur;
1076 1023 1185 1101 primus
1205 1021 1283 1080 scili·

97 1135 143 1184 cet
166 1126 239 1184 inter
264 1126 381 1185 Graecos
404 1125 436 1184 S.
464 1125 586 1184 loannes
614 1122 809 1182 Damascenus
833 1143 897 1182 earn
923 1133 1043 1197 quatuor
1068 1121 1146 1179 libris
1169 1120 1203 1179 de
1214 1117 1282 1198 fide

97 1220 261 1280 orthodoco
275 1223 410 1297 tractavit.
452 1222 527 1279 Eum
540 1221 613 1278 inter
626 1220 753 1287 Latinos,
768 1221 873 1280 seculo
887 1219 1037 1278 undecimo
1046 1227 1177 1284 exeunte,
1189 1217 1281 1275 imita·

97 1328 142 1390 tus
157 1326 201 1376 est
214 1319 246 1375 S.
261 1316 416 1376 Ansslmus
437 1316 657 1384 cantuariensis,
672 1324 701 1373 ct
714 1315 798 1393 paulo
819 1326 885 1394 post
905 1315 1088 1374 Hildebertus
1102 1312 1281 1371 Turonensis

96 1416 348 1494 Archiepiscopus.
389 1416 491 1474 Petrus
521 1413 706 1482 Lombardus,
735 1413 904 1471 Parisiensis
935 1411 1069 1490 deinceps
1103 1410 1280 1488 Episcopus,

97 1513 191 1572 medio
214 1513 319 1570 seculo
341 1511 518 1578 duodecimo,
539 1511 690 1568 sententias
713 1529 751 1569 ex
772 1508 916 1588 Scriptura
940 1520 968 1568 et
992 1509 1123 1572 Patribus
1147 1505 1280 1564 collectas

97 1609 196 1667 ordine
210 1608 333 1683 quodam
348 1607 487 1685 disposuit
500 1607 534 1664 ad
547 1608 716 1681 questiones
731 1605 921 1675 elucidandas,
937 1615 1108 1683 quapropter
1127 1601 1280 1681 Magister

100 1705 321 1767 Sententiarum
334 1718 377 1765 est
390 1706 490 1773 dictus,
503 1706 620 1783 ejusque
634 1723 706 1781 opus
721 1706 751 1787 in
764 1703 869 1762 scholis
884 1703 1067 1780 collegiisque
1077 1701 1164 1760 sacris
1173 1711 1217 1761 est
1230 1700 1279 1760 ad·

97 1805 228 1864 hibitum.
270 1805 341 1872 Quae
358 1785 482 1863 scientiae
495 1803 676 1879 Theologicae
691 1801 810 1859 accessit
823 1802 932 1859 claritas
947 1821 983 1860 ex
997 1800 1132 1861 methodo
1146 1800 1281 1881 Scholas-

96 1904 228 1972 ticorum,
245 1903 296 1982 (ita
308 1903 385 1962 enirn
400 1902 546 1960 audiebant
565 1899 707 1976 Theologi
728 1899 814 1958 medii
835 1900 913 1978 reni)
928 1899 1063 1959 studiosis
1077 1899 1197 1958 multum
1212 1917 1281 1959 con·

95 2001 178 2061 tulit-r
193 2001 243 2059 sed
257 1996 379 2077 purioris
393 2000 496 2075 linguae
511 1996 617 2054 defectu
633 1996 714 2054 viluit
725 1996 800 2074 apud
816 1998 984 2056 recentiores
998 1998 1046 2055 illa
1056 2016 1119 2071 quae
1134 1997 1282 2074 perplura

95 2098 200 2155 saecula
213 2097 319 2168 ubique
333 2095 454 2153 obtinuit
476 2092 643 2169 Theologia.
685 2092 848 2152 Barbariem
870 2093 984 2167 quidem
1004 2093 1132 2152 redolent
1157 2094 1283 2171 plurima

95 2190 159 2267 qdae
179 2193 255 2269 apud
268 2192 460 2250 Scholasticos
474 2200 583 2268 recepta
596 2200 662 2248 sunt
675 2191 819 2260 vocabola,
835 2192 983 2269 stylusqite
1004 2192 1066 2269 ipse
1080 2192 1115 2250 ab
1136 2177 1281 2268 'elegatis

95 2301 125 2348 et
138 2290 270 2348 facundia
283 2299 410 2349 veterum
425 2290 590 2367 scriptorum
604 2289 762 2369 abhorrete
773 2289 823 2348 sed
838 2290 888 2362 qui
901 2309 986 2367 opera
1001 2290 1032 2346 S.
1053 2288 1175 2347 Thomae
1189 2289 1282 2363 Aqui·

96 2386 170 2444 natis
184 2387 345 2464 perlegerit,
361 2385 471 2445 decimo
483 2387 560 2444 tertio
571 2384 646 2443 edita
656 2385 770 2453 saeculo,
783 2386 886 2444 mentis
897 2387 970 2443 vires
982 2385 1036 2443 hac
1047 2384 1181 2445 methodo
1191 2385 1282 2445 veluti

96 2484 125 2543 in
141 2483 300 2560 palaestram
314 2484 438 2552 eductas,
453 2485 662 2555 veritatemque,
676 2482 786 2540 nebulis
801 2483 903 2541 erroris
923 2481 1077 2560 dissipatis,
1092 2482 1185 2560 plane.
1198 2483 1282 2542 exhi·

94 2580 180 2639 bitem
190 2581 271 2639 facile
278 2581 424 2658 percipiet.
446 2581 493 2663 En
502 2599 559 2654 quo
569 2579 677 2637 Grecis
687 2579 935 2656 Constantinopoli
942 2579 1042 2656 pulsis,
1050 2589 1080 2637 et
1087 2579 1188 2637 Latina
1196 2579 1281 2639 litora

94 2679 264 2755 petentibus,
287 2666 441 2737 littererum
459 2678 636 2736 reflorescere
658 2686 801 2754 caeperunt
822 2677 923 2745 studia,
943 2677 1040 2735 Leone
1062 2664 1101 2735 X.
1119 2677 1279 2752 praesertim

5 2786 21 2827 ’-
94 2775 216 2847 favente,
231 2776 326 2833 minus
342 2785 436 2853 gratus
457 2765 544 2855 erasit
564 2772 805 2841 Scholasticorum
822 2762 926 2850 stylus,
948 2774 997 2845 qui
1018 2772 1158 2831 adhibitus
1179 2785 1281 2832 conua

94 2870 197 2930 decimi
211 2873 284 2953 sexti
299 2869 329 2930 N
331 2883 461 2931 oratores
472 2889 567 2930 eorum
582 2871 751 2948 provocabat
762 2870 859 2937 bilem,
875 2868 943 2927 durn
963 2879 1119 2946 exponeret
1138 2869 1277 2930 fallacias.

1 3010 2 3016 .
96 2969 210 3027 Sensim
226 2970 288 3027 sine
302 2989 388 3027 sensu
402 2970 513 3028 liberior
526 2966 667 3026 scribendi
688 2967 760 3025 ratio
778 2954 853 3043 apud
866 2967 1014 3043 plerasque
1029 2967 1104 3024 orbis
1119 2965 1280 3027 Christiani

52 3130 55 3135 ,
93 3065 214 3123 obtinuit
234 3065 411 3146 Academias,
432 3066 559 3138 quamvis
580 3074 608 3122 et
630 3064 804 3136 Scholastica
824 3063 975 3123 methodus
994 3065 1121 3141 insignes
1146 3064 1280 3123 habuerit

93 3161 214 3220 cultores
224 3172 252 3220 et
262 3161 399 3223 vindices.
704 3161 707 3165 ⁴

138 3256 302 3336 Theologio
315 3257 435 3335 plurima
448 3258 544 3315 sortita
557 3267 600 3315 est
612 3258 729 3315 nomina
752 3276 804 3335 pro
824 3276 917 3315 rerum
937 3257 1078 3315 varietate·
1090 3269 1119 3316 et
1139 3254 1278 3318 methodo

30 3426 37 3442 .
79 3375 142 3431 ¹eas
168 3356 312 3415 tractandi.
353 3356 398 3414 Ea
422 3375 504 3429 quarn
522 3355 700 3433 aggredimur
719 3355 889 3433 dogmatico
910 3368 1032 3425 vocatur,
1046 3356 1135 3430 quod.
1151 3356 1187 3415 de
1207 3355 1277 3416 fidei

94 3453 271 3531 dogmatibus
299 3454 439 3531 precipue
467 3462 538 3529 agat.
579 3451 729 3511 Polemicu
749 3452 833 3510 etiam
857 3463 1044 3531 nuncupatur,
1066 3472 1153 3526 quum
1181 3453 1211 3510 in
1238 3454 1276 3512 iis

25 3544 29 3553 '
95 3550 305 3627 propugnandis
320 3549 454 3608 adversus
474 3549 540 3606 fidei
560 3549 673 3625 hostes,
684 3550 733 3623 qui
752 3549 857 3608 bellurn
878 3551 960 3608 nobis
980 3551 1115 3617 inferunt,
1130 3562 1275 3609 versetur:

96 3645 216 3704 Irent'eae
230 3666 334 3704 nornen
349 3647 429 3705 nobis
444 3646 538 3723 magis
550 3645 660 3729 arridet,
673 3664 742 3704 nam
757 3646 791 3703 ad
805 3667 904 3723 pacem
915 3646 1131 3715 conciliandam,
1144 3646 1277 3705 dissidio·

95 3763 158 3802 rurn
172 3741 287 3802 sublatis
298 3745 401 3813 causis,
411 3755 526 3803 conatus
538 3734 591 3802 hos
605 3754 716 3803 nostros
731 3736 950 3821 qualescumque
963 3747 1121 3823 dirigimus.
1162 3729 1275 3805 Ethico

95 3859 190 3909 socru,
204 3860 255 3898 seu
269 3839 391 3898 morolio
408 3839 571 3919 Theologio
584 3860 617 3899 ea
630 3840 731 3901 dicitur
746 3860 808 3915 quse
823 3842 857 3901 de
872 3863 981 3902 morum
996 3844 1154 3921 principiis,
1166 3845 1275 3921 regula·

97 3959 151 4014 que
160 3938 271 4016 agendi,
281 3947 386 4006 tractat,
395 3939 477 4014 juxta
485 3939 551 3997 fidei
562 3938 727 3998 doctrinam.
749 3939 822 3999 Earn
834 3943 917 4000 etiam
927 3943 957 4001 in
966 3943 1060 4001 animo
1069 3951 1113 4000 est
1122 3943 1274 4001 lectoribus

96 4037 198 4095 nostris
213 4035 362 4111 subjicere,
374 4032 403 4092 si
416 4027 536 4111 inceptis
560 4035 652 4093 faveat
673 4036 763 4105 Deus,
778 4038 874 4106 vitam,
899 4039 998 4108 otium,
1013 4040 1088 4097 vires
1110 4036 1272 4116 praebendo.

96 4133 141 4193 Dc
155 4133 216 4192 aliis
228 4132 371 4192 vocabulis
383 4120 613 4205 quibusscientia
623 4134 685 4192 haec
695 4154 773 4194 sacra
784 4135 945 4213 designatur
958 4157 1016 4196 non
1030 4149 1109 4196 vacat
1122 4137 1271 4199 disserere.
