2738 5032
96 257 134 311 aa
506 324 509 329 Δ
562 255 616 314 na
641 255 864 315 merorum

98 409 243 484 illaquam
254 412 387 471 describit
398 414 497 490 populi
511 414 633 481 levitate,
646 415 812 489 pervicacia,
824 424 851 470 et
862 413 1023 480 rebellione,
1035 431 1121 487 quum
1137 410 1286 474 Israelita,

95 508 210 567 nonnisi
231 510 379 567 manifesta
391 528 484 568 rerum
499 510 664 568 certitudine
678 511 778 576 coacti,
794 529 855 566 eam
879 511 1028 585 excepisse
1048 507 1184 566 censendi
1205 518 1285 565 sunt.

97 601 241 663 ceterum
256 607 366 683 objecto
386 607 450 665 loco
471 607 550 665 Deus
571 606 686 664 Judaeos
700 624 760 667 sun
772 607 956 685 promissioni
970 626 1019 664 eos
1033 607 1063 664 in
1083 616 1184 693 terram
1207 604 1286 662 Cha-

99 715 265 767 nanoeorum
285 702 437 762 inducendi
456 720 515 760 non
529 703 642 760 credere
656 714 773 776 questus
787 715 840 770 est,
862 703 912 760 sed
934 721 992 760 non
1013 703 1105 760 innuit
1128 719 1179 758 eos
1193 701 1288 778 signia

94 794 177 872 ipsis,
192 815 243 855 seu
256 798 410 870 miraculis,
425 818 483 857 non
501 798 626 856 credere
630 803 640 832 ¹

139 891 205 971 obj.
221 898 249 951 4.
272 895 371 953 Moses
392 896 497 972 saepius
520 914 618 952 secum
641 905 756 971 pugnat,
779 904 870 953 narrat
891 896 992 962 euim,¹
1010 895 1106 952 omnia
1129 895 1286 953 animantia

97 987 303 1066 AEgyptiorum
317 1001 396 1069 peste
411 991 524 1069 periise,
540 1004 639 1068 postea
656 1002 749 1049 tamen
770 992 920 1049 animantia
933 992 963 1047 in
977 992 1051 1068 agris
1064 991 1200 1068 grandine
1214 988 1286 1049 dicit

94 1087 189 1146 occisa
198 1092 221 1156 3¹
234 1087 355 1163 denique
366 1076 521 1163 obnitatum
532 1109 665 1167 magnum
680 1110 697 1146 a
711 1089 858 1147 Pharaone
869 1088 1003 1146 eductum
1015 1102 1047 1146 ut
1060 1086 1202 1146 Israelitas
1217 1108 1283 1166 per·

95 1190 284 1257 sequeretur.⁴
373 1220 377 1226 «
474 1190 477 1195 “
837 1204 841 1208 ’

137 1279 226 1359 Rcap.
248 1282 354 1341 Omnia
367 1303 430 1356 quae
444 1293 523 1359 peste
538 1283 680 1359 perierunt
694 1282 898 1359 AEgyptiorum
914 1282 1026 1339 suerunt
1039 1282 1203 1349 animantia,
1219 1290 1238 1317 ‘⁶
1249 1280 1286 1340 de

96 1378 345 1438 animalibnsverd
366 1381 488 1438 liliorum
506 1379 594 1436 lsrael
614 1379 685 1436 nihil
705 1379 821 1436 omnino
842 1378 944 1454 periit!
949 1377 971 1411 ’5
1009 1378 1180 1435 Jumentis
1172 1398 1321 1479 magro

97 1474 233 1550 grandine
254 1475 407 1553 percussis,
429 1495 566 1548 equorum
587 1476 617 1532 in
631 1475 747 1532 stabulis
768 1485 796 1532 et
816 1476 902 1532 urbe
899 1494 1007 1551 magna
1027 1474 1109 1558 copia
1130 1446 1321 1532 incolumis

2 1594 9 1609 ’
97 1571 212 1629 mansit.
253 1572 393 1635 Proeterea
408 1591 492 1630 voces
507 1572 561 1629 illae
576 1573 706 1648 plurima,
722 1591 779 1629 nou
800 1573 931 1628 universa
951 1589 1065 1648 prorsus
1082 1569 1234 1646 designant
1247 1591 1285 1630 ex

93 1685 240 1725 communi
232 1667 387 1740 loquendi
402 1687 465 1726 usu.

134 1762 259 1822 Veritate
273 1775 525 1841 rerumgestarum
544 1774 604 1822 suo
620 1776 747 1840 tempore
768 1783 837 1837 quas
859 1764 941 1821 relert
963 1763 1284 1831 Mosesstatuta,dev1

94 1860 409 1936 probandidivinam.
384 1882 447 1940 eJus
461 1863 643 1938 legationem,
656 1881 740 1934 quam
755 1862 867 1928 habent,
881 1861 1020 1938 agendum
1032 1872 1092 1928 est;
1107 1861 1212 1938 pendet
1223 1863 1286 1935 qui·

93 1955 158 2016 dem
175 1976 218 2018 ,ex
242 1977 339 2017 earum
364 1961 517 2024 naturaei
537 1960 614 2016 enim
630 1970 765 2034 superent
784 1959 857 2016 vires
882 1969 997 2025 creatas,
1016 1958 1132 2018 nonnisi
1157 1960 1286 2017 numinis

92 2054 210 2135 speciali
223 2054 347 2131 impulsu
362 2065 390 2110 et
404 2053 600 2111 auxiliosactae
614 2054 805 2130 intelligantur
815 2074 932 2112 necesse
943 2067 1004 2123 est;
1016 2055 1086 2113 adeo
1095 2067 1126 2112 ut
1137 2055 1286 2115 Deushac

92 2151 345 2210 rationemissuma
355 2169 387 2207 se
397 2150 502 2207 Mosen
514 2150 677 2208 hominibus
693 2162 808 2209 testatus
821 2152 867 2218 sit,
880 2170 1001 2223 euinque
1014 2152 1136 2209 veritatis
1146 2152 1285 2211 divinitus

92 2247 222 2307 revelate
236 2262 396 2323 praeconem
412 2257 440 2305 et
453 2247 633 2324 interpretem
654 2249 839 2306 constituerit.

132 2341 225 2420 Prop.
239 2341 294 2401 IV.
316 2344 525 2416 Plurimaque
546 2344 630 2415 refert
651 2346 763 2413 Moses,
778 2356 882 2403 naturae
903 2343 995 2413 ordini
1016 2354 1112 2422 utpote
1132 2348 1285 2417 contraria,

28 2500 32 2507 ,
93 2439 218 2518 divinam
233 2439 363 2497 virtutem
379 2440 540 2496 necessario
555 2441 714 2516 exigebant.

135 2536 227 2595 Proh.
249 2534 346 2612 Plagae
368 2557 441 2610 quae,
458 2538 573 2614 Moysis
588 2539 674 2595 veluti
689 2550 767 2605 nutu,
783 2538 945 2614 AEgyptum
960 2538 1285 2607 afflixerunt‚'consueto

94 2655 189 2696 rerum
204 2635 303 2695 ordine
313 2655 372 2695 non
381 2636 576 2693 continentur:
592 2656 727 2709 aquarum
739 2637 769 2693 in
779 2638 944 2713 sanguinem
959 2657 1009 2713 per
1020 2650 1107 2695 totum
1120 2639 1287 2717 AEgyptum

93 2733 221 2802 mutatio,
234 2733 440 2810 Mosevirgam
455 2731 635 2805 extendente,
648 2733 810 2808 sciniphum
824 2733 1028 2809 multiplicatio,
1039 2735 1163 2811 pulveris
1178 2738 1288 2816 pugillo

18 2900 27 2913 „
93 2850 144 2908 per
158 2850 253 2889 aerem
265 2849 383 2908 spars0;
400 2829 651 2906 primogenitorum
666 2825 905 2906 AEgyptiacorum
919 2849 993 2888 mors
1006 2832 1183 2902 simultauea,
1199 2835 1288 2892 salvis

90 2924 236 2984 Israelitis.
278 2925 372 2984 Multo
398 2925 487 3002 magis
515 2938 619 2983 naturae
648 2925 784 2993 ordinem¹
806 2925 1007 3002 transgreditur
1035 2921 1180 3004 aquarum,
1212 2932 1288 2989 muri

93 3022 345 3094 iuetar,*utrimque
359 3040 488 3101 acervus,
500 3022 610 3080 alveum
626 3025 711 3082 maris
727 3023 804 3080 rubri
814 3023 1021 3080 transeuntibus
1035 3022 1188 3093 Israelitis;
1205 3047 1288 3101 aqum

94 3135 193 3194 erupe
205 3117 291 3193 virgoe
303 3115 486 3192 percussione
498 3116 610 3175 eductio
621 3139 628 3186 ;
644 3138 757 3176 mannoe
770 3118 892 3194 singulis
905 3116 1014 3185 diebus,
1026 3121 1140 3177 sabbato
1153 3133 1288 3199 excepto,

94 3231 145 3293 per
158 3211 342 3290 qnadraginta
353 3228 441 3268 anuos
453 3211 482 3268 in
494 3212 647 3271 solitudine
663 3214 795 3291 delapsus
808 3233 815 3280 ;
831 3224 912 3271 terrae
926 3213 1018 3271 hiatus
1031 3225 1062 3288 ut
1072 3215 1158 3282 Cure,
1171 3216 1289 3276 Dathan

95 3321 123 3371 ct
137 3308 245 3370 abiron
258 3328 323 3368 cum
336 3307 397 3392 [suis
420 3308 545 3383 perituri,
561 3310 655 3368 delicti
676 3312 786 3369 luerent
805 3329 923 3387 poenas;
943 3301 1120 3387 'plurimaque
1135 3313 1199 3381 alia,
1215 3316 1289 3373 nulli

91 3407 196 3467 natura
207 3408 278 3485 legi,¹
288 3425 341 3465 nec
355 3404 461 3462 human
473 3407 536 3474 aevi,
552 3408 636 3464 tribui
648 3418 777 3484 possunt,
789 3407 840 3464 sed
855 3405 979 3464 divinam
995 3408 1075 3485 plane
1092 3408 1218 3467 indicant
1232 3412 1288 3469 vir·

93 3516 192 3564 tutem.
214 3503 301 3564 ..lure
317 3505 402 3582 igitur
424 3503 532 3580 optimo
553 3505 675 3581 Moyses
691 3525 724 3562 ea
744 3506 880 3582 urgebant
902 3519 1055 3573 inumeris,
1070 3515 1101 3563 ut
1120 3506 1187 3575 Dei,
1203 3509 1289 3585 cujus

8 3582 25 3613 ,¹
94 3612 232 3680 potestate
244 3605 353 3680 agebat,
362 3622 489 3668 amorem
500 3603 607 3678 populo
619 3604 790 3662 insinuaret:
805 3610 823 3642 ‘⁴
833 3604 905 3664 Arn'a
916 3608 1008 3679 itaque
1020 3606 1176 3664 Dominum
1189 3606 1288 3679 Deum

95 3710 186 3767 tuum,
201 3701 320 3759 observa
340 3712 480 3778 praecepta
493 3700 556 3777 ejus
571 3712 600 3759 et
619 3703 815 3770 coeremonias,
826 3705 936 3780 judicia
958 3716 1040 3777 atquc
1062 3703 1191 3763 mandata
1205 3709 1289 3765 omni

92 3806 229 3873 tempore.
271 3797 444 3875 cognoscite
459 3797 543 3867 hodie
559 3817 621 3870 quae
636 3799 766 3875 ignorant
778 3802 830 3858 filii
845 3803 941 3870 vestri,
952 3802 1001 3875 qui
1016 3821 1073 3860 non
1088 3801 1288 3875 videruntdis·

94 3893 361 3972 ciplinangomini
373 3896 430 3954 Dei
445 3897 539 3963 vestri,
551 3897 692 3972 magnalia
701 3899 774 3976 ejus,
787 3910 815 3956 et
828 3902 971 3958 robustam
985 3919 1110 3966 manum,
1126 3910 1290 3962 extentum·

94 4008 151 4064 que
164 3990 321 4059 brachium,
336 3992 418 4069 signa
438 4002 466 4048 et
480 4010 566 4067 opera
587 4010 649 4063 qnae
665 3992 733 4050 lecit
745 3994 775 4051 in
789 3995 883 4053 medio
905 3996 1039 4072 AEgypti,
1055 3995 1198 4056 Pharaoni
1212 3995 1288 4076 regi,

83 4098 125 4146 -et
137 4086 277 4145 universa
292 4098 370 4165 terrie
387 4088 461 4164 ejus,
476 4088 611 4160 omnique
630 4091 766 4147 exercitui
781 4091 997 4169 AEgyptiorum‚
1013 4104 1042 4150 et
1054 4093 1135 4165 equis
1151 4110 1183 4150 ao
1197 4096 1289 4153 curri·

93 4186 166 4252 bus;
180 4182 325 4256 quomodo
339 4183 501 4260 operuerint
522 4203 570 4242 eos
585 4204 664 4257 aquae
679 4188 764 4244 maris
780 4189 866 4256 rubri,
882 4207 947 4246 curn
965 4209 1015 4248 vos
1036 4201 1287 4265 persequerentur,

94 4291 123 4345 et
135 4278 272 4338 deleverit
285 4298 334 4337 eos
350 4279 491 4339 Dominus
506 4282 640 4354 usquein
655 4267 824 4357 presentem
846 4284 940 4344 diem:
956 4285 1093 4358 vobisque
1109 4304 1174 4358 quae
1184 4272 1290 4347 ¹lecerit

93 4376 124 4437 in
144 4373 306 4444 solitudine,
320 4374 412 4434 donec
432 4377 565 4434 veniretis
586 4377 621 4434 ad
641 4378 717 4436 hunc
737 4379 841 4449 locum,
858 4392 886 4439 et
906 4382 1019 4440 Dathan
1039 4393 1068 4440 et
1087 4383 1196 4442 Abiron
1216 4385 1287 4457 filiis

122 4590 159 4652 tl)
171 4587 242 4646 vua,
252 4587 394 4657 saclusa,
405 4588 448 4637 ref.
460 4588 566 4647 aranon,
577 4607 596 4638 ε.
608 4592 624 4639 r.
635 4607 656 4643 ε.
669 4590 690 4639 1.
702 4556 724 4654 ρ’.
737 4591 774 4640 ro.
937 4595 973 4655 (a)
991 4593 1101 4644 exous
1114 4594 1186 4646 rar.

123 4671 160 4736 (a)
177 4671 323 4723 amase.
526 4671 563 4733 (a)
582 4672 749 4753 tucrum.
934 4677 971 4738 (5)
989 4675 1101 4738 ωε.
1149 4718 1152 4725 ,
