2738 5032
558 271 613 330 us:
635 271 796 341 nassis.
820 326 847 377 ,ᾧ
1239 228 1297 327 ιι
1361 228 1366 233 ’

124 423 216 486 Proh.
232 433 261 488 ³.
284 424 487 489 Ex'vaticiniis
510 430 609 508 aggai
634 440 663 488 et
676 388 839 507 Malachiae:
885 430 1021 508 Aggasus,
1042 439 1073 488 ut
1086 427 1279 488 consularem

84 510 202 583 Judaeos
214 525 249 584 de
261 528 329 605 novi
340 527 439 604 templi
453 527 611 585 bumilitate
621 526 760 594 dolentes,
772 526 859 585 dixit:
893 525 1022 585 “Adhuc
1032 545 1121 585 unum
1132 524 1277 585 modicum

83 628 146 688 est;
168 631 197 680 et
210 641 264 700 ego
285 624 472 687 commovebo
493 622 596 681 coelum
610 633 640 680 et
653 633 764 690 terram,
780 632 808 680 et
828 641 904 680 mare
919 633 946 680 et
960 621 1086 680 aridam:
1109 630 1138 679 et
1156 619 1278 679 movebo

81 736 186 779 omnes
200 731 319 798 gentes,
341 732 370 779 et
382 721 478 781 veniet
491 719 665 778 desideratus
679 721 788 778 cunctis
808 721 950 798 gentibus,
965 730 993 779 et
1013 720 1138 797 implebo
1156 717 1277 776 domum

81 814 168 874 istam
181 818 281 895 gloria,
291 818 361 876 dicit
368 818 513 877 ¹Dominus
526 818 711 876 exercituum.
752 818 855 877 Meum
865 827 1027 885 estaurum,
1037 829 1066 876 ct
1079 836 1175 876 meum
1185 826 1278 874 estar-

80 924 213 991 gentum,
225 915 444 974 dicitDominus
459 917 645 974 exercituum.
668 916 775 994 Magna
789 916 843 975 erit
850 916 940 993 gloria
948 915 1050 975 domus
1060 916 1142 974 istius
1156 913 1278 973 novissi-

80 1029 139 1069 mus
165 1011 317 1088 plusquam
346 1011 492 1089 ι)ιιιιιιι.”1
533 1011 690 1070 Malachiae
715 1013 770 1071 ait:
814 1012 922 1071 “Ecce
950 1031 1005 1090 ego
1030 1012 1111 1075 mitto
1135 1009 1277 1088 Angelum

81 1126 193 1174 meum,
206 1118 235 1166 et
248 1110 415 1186 preparabit
426 1108 501 1169 ιιιιι
512 1119 576 1167 ante
589 1109 691 1183 faeiem
705 1129 797 1186 meam
809 1130 828 1168 r«
837 1120 866 1168 et
879 1112 973 1170 statim
986 1112 1080 1172 veniet
1090 1110 1126 1169 ad
1139 1109 1278 1187 templum

81 1222 170 1265 suum
191 1203 362 1284 Dominator
374 1225 460 1279 quem
482 1204 619 1281 quaerib's,
632 1217 662 1265 ot
680 1207 811 1284 Angelus,
828 1209 988 1283 testamenti
1009 1227 1095 1280 quem
1115 1224 1166 1265 vos
1181 1206 1277 1272 vultis.

81 1300 166 1361 Ecce
181 1302 268 1369 venit,
283 1301 351 1359 dicit
364 1301 506 1361 Dominus
521 1300 717 1363 exercituum!
721 1304 746 1341 ’²
784 1303 857 1363 Haec
870 1314 945 1363 certe
960 1303 1113 1362 ostendunt
1126 1302 1277 1369 Messium,

82 1406 179 1455 stante
193 1398 318 1456 secundo
332 1399 451 1476 templo,
464 1410 623 1467 venturum,
638 1401 701 1477 eJ‘us
715 1402 821 1478 quippe
836 1402 987 1479 praesentia
1000 1401 1061 1459 sola
1074 1400 1166 1478 potuit
1185 1399 1278 1476 maJus

81 1495 187 1569 afferre
201 1495 290 1555 decus
304 1515 389 1570 quam
407 1517 480 1565 arca,
496 1497 606 1570 aliaque
621 1499 723 1570 quibus
741 1501 875 1577 prestitit
895 1499 1078 1578 magnificum
1093 1519 1109 1557 a
1123 1498 1278 1557 Salomone

82 1602 212 1651 erectum
226 1592 391 1653 (edificium.
433 1593 522 1671 Ipse
514 1593 592 1651 solus
613 1593 710 1671 haberi
730 1596 822 1672 potuit
839 1595 980 1655 desiderio
1000 1597 1130 1655 omnium
1150 1596 1278 1674 gentium

82 1691 240 1775 expetitus,
255 1691 332 1765 qnod
352 1693 428 1750 enim
450 1692 589 1761 malorum
604 1693 708 1765 quibus
721 1695 905 1770 gravabantur
918 1694 1075 1771 remedium
1096 1694 1279 1773 exoptabant,

83 1789 116 1847 in
131 1788 183 1846 illo
196 1788 258 1847 solo
271 1789 389 1865 reperiri
410 1789 510 1865 potuit.
550 1788 617 1847 Jam
631 1793 698 1848 verb
717 1786 843 1848 funditus
858 1809 988 1851 eversum
1003 1800 1047 1848 est
1059 1792 1112 1848 sub
1126 1791 1195 1849 Tito
1210 1801 1279 1849 tem·

46 1904 52 1909 ·
83 1883 168 1962 plum
183 1883 435 1944 Zorobabelicum:
457 1885 532 1944 undo
527 1886 637 1967 liquet
650 1886 799 1949 advenisse
814 1887 964 1945 Messium.

126 1979 259 2057 Tempus
274 2001 290 2055 a
304 1980 450 2058 prophetis
465 1980 643 2059 designatum
658 2002 723 2042 cum
738 1979 859 2043 adventu
873 1982 945 2042 Jesu
956 1981 1127 2052 concordare
1136 1982 1280 2061 ‚colligitur

83 2094 125 2135 ex
147 2077 211 2155 ipsa
225 2097 287 2150 quae
309 2087 375 2139 tuuc
397 2077 551 2139 invaluerat
571 2081 755 2163 persuasione
775 2081 916 2139 Messium
932 2081 1053 2159 jamjam
1075 2079 1278 2145 adventurum:

84 2184 106 2211 ‘⁴
117 2174 188 2233 Scio
203 2170 270 2248 quia
283 2175 408 2233 Messias
423 2174 546 2247 ιοιιιι,ῗ’8
559 2176 704 2249 inquiebat
717 2179 818 2237 mulier
832 2179 1024 2239 Samaritana:
1047 2188 1076 2236 et
1085 2176 1181 2236 Judaei
1194 2177 1280 2235 mise-

85 2258 202 2346 suntad
215 2269 356 2331 ,loannem
371 2271 420 2347 qui
434 2286 500 2329 enus
513 2270 718 2350 interrogarent
736 2285 830 2332 utrum
851 2275 913 2351 ipse
928 2274 1051 2341 Messias
1066 2275 1162 2333 soret.⁴
1200 2268 1280 2333 Hinc

85 2376 129 2427 tot
142 2367 196 2425 orti
210 2378 277 2427 sunt
294 2378 361 2445 post
373 2367 392 2427 J
394 2387 444 2425 esu
459 2378 580 2427 mortem
594 2388 626 2426 se
643 2369 783 2428 Messiam
798 2390 861 2429 esse
876 2371 947 2429 salso
961 2371 1156 2449 praedicantes.
1197 2369 1281 2430 Jose·

86 2448 164 2542 plius
179 2473 324 2537 testatur
328 2464 462 2524 ‘Judaeos
477 2484 528 2542 spe
543 2475 572 2522 ct
585 2467 719 2543 opinione
736 2468 864 2546 jamjam
876 2469 987 2527 venturi
1008 2469 1126 2528 Messiae
1149 2467 1279 2527 inductos

85 2562 176 2620 fuisse
192 2560 226 2623 ad
240 2560 432 2624 rebellandum
447 2561 581 2620 adversus
596 2563 764 2623 Romanos’
766 2564 789 2598 '⁵
811 2565 918 2657 Spem
931 2565 1014 2643 regni
1033 2564 1198 2642 temporalis
1212 2563 1280 2625 huic

85 2646 235 2721 adventui
248 2645 458 2743 conjungebant
480 2656 615 2721 Juuaei:
620 2633 805 2725 “Pluribus”
831 2662 924 2734 inquit
947 2662 1111 2729 Tacitus,‘
1115 2660 1280 2738 persuasio

87 2755 181 2812 inerat
194 2753 318 2825 antiquis
340 2752 524 2825 Sacertlotum
545 2754 633 2812 literis
648 2757 797 2823 contineri,
812 2764 847 2814 eo
861 2767 988 2833 ternpore
1009 2756 1069 2814 sore
1083 2765 1115 2812 ut
1128 2755 1281 2812 valesceret

88 2850 206 2948 Oriens,
229 2849 404 2927 profectique
419 2869 434 2906 e
448 2849 548 2919 iudaea
562 2867 655 2935 rerum
671 2853 847 2941 potirentur.’
851 2851 874 2886 '⁰
915 2852 1145 2910 “Percrebuerat
1164 2850 1281 2909 Oriente

87 2942 169 3027 toto”
171 2947 298 3027 (inquit
319 2947 487 3024 Suetonius)
503 2959 583 3005 vetus
598 2959 626 3006 et
639 2962 772 3013 constans
793 2951 902 3031 opinio,
917 2969 981 3008 esse
995 2951 1026 3025 in
1040 2949 1103 3007 satis
1117 2959 1149 3007 ut
1162 2968 1197 3007 eo
1209 2957 1281 3009 ,tem-

88 3065 158 3124 pore
172 3043 257 3103 tude
273 3043 391 3120 profecti
404 3061 497 3103 rerum
513 3045 678 3120 potirentur
680 3047 692 3085 ⁷

131 3139 199 3221 obj.
221 3140 289 3197 Vox
306 3139 447 3197 Hebraica
462 3131 560 3246 mg}
574 3143 705 3219 ambigua
718 3153 771 3211 est,
786 3138 914 3233 virgam
909 3146 986 3203 enim
999 3143 1185 3203 tribulationis
1200 3161 1280 3216 eque

90 3280 123 3321 ac
136 3261 286 3339 potestatis
300 3271 443 3337 sceptrum
459 3221 617 3338 signilicat:
640 3260 705 3319 ideo
718 3260 737 3325 J
739 3263 882 3322 acobaeum
900 3263 1063 3321 vaticinium
1085 3274 1178 3339 potest
1191 3262 1281 3339 expli·

90 3379 149 3418 cerr
140 3359 197 3421 de
212 3359 349 3417 (erumnis
363 3358 528 3418 Judaeorum
551 3358 627 3416 baud
647 3358 779 3417 tollendis
802 3370 865 3418 ante
885 3350 1037 3427 effluentum
1059 3361 1151 3472 Sbilo,
1166 3361 1280 3433 quiens

90 3457 219 3549 gentium
234 3456 355 3513 victores
370 3455 493 3514 faceret.
1194 3494 1197 3503 ,

129 3542 219 3632 Iler'p.
242 3553 310 3611 Vox
325 3553 373 3637 illa
386 3553 553 3630 plerumque
568 3552 651 3622 habet
671 3552 755 3613 aliam
776 3552 912 3630 adjectam
928 3572 984 3626 qua
998 3553 1138 3614 tribulatio
1151 3553 1282 3632 designe-

89 3662 146 3719 tur,
161 3652 273 3739 quoties
288 3669 323 3708 eo
336 3628 487 3726 usurpatur
507 3668 605 3715 sensu,
620 3649 699 3725 virga
721 3648 830 3707 scilicet
849 3649 939 3706 ferrea
955 3653 1093 3718 vocatur,⁸
1115 3650 1161 3708 vel
1182 3664 1282 3728 percu·
1342 3678 1350 3697 ι

89 3748 205 3811 tiendus
219 3749 284 3821 quis
299 3767 333 3806 ea
346 3747 463 3806 dicitur:
485 3747 652 3824 simpliciter
666 3744 731 3807 veri
747 3747 888 3813 baculum,
903 3748 1048 3822 potestatis
1061 3747 1183 3826 insigne,
1194 3748 1269 3808 deno

124 3945 161 4007 (1)
179 3944 312 4010 Agg,2.7‚

125 4027 242 4088 (ἳιΜιῙι
253 4027 276 4076 ³·
327 4084 329 4089 .

125 4111 163 4174 (3)
180 4109 336 4170 taanenu
404 4176 406 4180 Α

124 4194 162 4255 (4)
177 4185 332 4252 Joan.1,19.

121 4265 164 4334 >(5)
182 4275 283 4339 loseph,
294 4277 309 4326 ι.
322 4278 352 4336 o,
364 4277 393 4325 de
406 4277 467 4326 bello
477 4276 589 4327 Judaico.

127 4359 165 4420 (6)
180 4356 242 4408 Tac.
254 4360 310 4409 bist.
322 4360 337 4409 l.
348 4377 370 4408 v.
457 4420 460 4429 1

76 4474 78 4481 ·
127 4441 165 4501 (t)
182 4442 314 4492 Suetonius
325 4444 351 4492 in
362 4443 464 4511 l'espas,
475 4428 539 4494 csiv.

128 4523 166 4583 (8)
182 4523 308 4575 Petne.
342 4511 483 4575 lauicanb.
515 4526 581 4573 “Vre
593 4523 936 4591 Assur,virgnsnrorismci.”
