2738 5032
440 297 498 357 DE
524 248 699 355 REVELA'
697 297 833 357 ΓΙΟΝΕ.
1147 288 1152 301 ’
1224 298 1244 357 0

105 454 181 533 Inep
210 454 306 515 Duum
327 455 401 515 clare
421 456 546 513 locutum
567 468 649 523 esse,··
664 455 785 531 ejusque
805 474 967 535 sermonem
988 448 1088 517 omnes
1113 467 1241 534 spectare

27 576 31 583 ·
81 549 209 620 homines,
216 570 304 625 quum
319 572 352 609 ao
356 562 412 609 tem
430 571 480 628 per
493 552 624 627 homines
645 552 846 619 hominibos'
822 562 884 627 ejus
899 554 1025 611 notitiam
1039 554 1243 613 communicari

31 624 46 655 ²
78 648 182 717 voluerit,
196 662 227 707 et
243 650 362 707 liberum
384 651 421 706 sit
434 650 587 733 unicuique
602 650 756 715 arbitrium,
771 650 889 725 contigit
902 661 933 706 ιιι
955 651 1069 738 plurimi
1083 669 1150 709 eum
1164 652 1244 727 igno·

76 756 129 815 rent,
140 747 185 805 vel
198 745 274 803 haud
289 746 503 822 amplectantur.
546 734 693 803 Suaviter·
690 757 719 803 et
731 745 839 803 fortiter
849 745 968 803 consilia
981 766 1033 804 sua
1043 748 1202 820 exequitur,
1214 758 1244 805 ct

80 858 116 916 pro
133 861 246 901 summa
264 861 316 900 sua
335 842 472 927 largitate,
493 843 625 901 omnibus
646 842 729 918 eopia
748 842 847 899 salutis
868 861 920 918 per
939 844 1139 903 revelationem
1160 843 1242 911 iacta,

79 939 151 999 voluit
160 950 191 997 ut
204 942 299 999 rerum
313 939 411 997 ordine
427 939 501 1013 laqud
522 928 640 1006 turbato,
655 950 683 996 et
702 939 827 996 libertate
843 939 993 996 voluntatis
1007 941 1104 1009 illesa,
1118 940 1243 1017 cognitio

77 1034 122 1110 ejus
133 1036 344 1095 diffunderetur.
386 1036 508 1095 Plurimi
517 1037 650 1101 :mebris
665 1037 783 1095 involuti
799 1036 905 1112 jacent,
918 1036 993 1109 quod
1008 1038 1152 1114 primurm
1166 1054 1245 1095 reve·

75 1129 164 1191 lamnis
178 1122 228 1192 vix'
242 1133 332 1190 ullum
349 1133 472 1209 supersit
486 1131 561 1208 apud
574 1152 624 1191 eos
639 1133 801 1209 vestigium,
816 1152 869 1189 nec
885 1133 1033 1210 Evangelii
1047 1152 1196 1211 proeeones
1209 1132 1246 1193 ad

60 1229 257 1305 ,tesvaluerint
276 1229 435 1315 pervenire.
479 1228 656 1287 Universalis
678 1240 772 1286 tamen
790 1241 835 1286 est
847 1229 991 1297 revelatio,
1005 1228 1246 1306 utpoteabinitio
1347 1240 1352 1251 '

75 1318 170 1403 putenti
183 1324 298 1407 generis
315 1325 432 1383 humani
454 1324 526 1385 sacta
545 1326 677 1384 omnibus
698 1326 759 1401 ejus
780 1326 904 1401 posteris
916 1320 1160 1393 communicanda,
1174 1325 1247 1384 etin

73 1422 201 1501 ttmlege
212 1422 345 1483 omnibns
359 1422 443 1478 etiarn
457 1418 605 1519 ιιοιιιιιιιι,
622 1421 752 1493 quamvis
763 1423 870 1494 absque
887 1423 1025 1480 miraculo
1038 1422 1097 1489 lere
1107 1421 1248 1479 constanti

73 1533 116 1577 tun
138 1529 244 1597 posset·
255 1518 386 1579 omnibus
401 1536 501 1593 reapse
522 1508 734 1575 communicari.
776 1519 861 1585 Quod
881 1519 1013 1578 homines
1027 1518 1062 1575 de
1076 1517 1247 1577 revelatione

71 1614 222 1699 disceptent,
238 1628 343 1676 eorum
352 1616 420 1675 vitio
435 1616 582 1692 contingit,
605 1614 731 1673 subsidia
743 1617 826 1677 enim
827 1618 1025 1694 amplissima
1043 1616 1156 1676 adeam
1170 1627 1248 1679 uerte

70 1712 287 1807 cognoscendam
299 1722 416 1790 proestat
434 1711 531 1771 Deua:
554 1710 673 1795 ejusque
688 1710 825 1769 certitudo
839 1714 984 1775 contrariis
997 1713 1146 1773 sententiis
1159 1713 1249 1771 nulls·
1320 1790 1329 1799 „

66 1800 324 1883 tenus-infirmatae
346 1816 434 1881 quum
456 1809 497 1865 rei
518 1808 676 1865 dominium
700 1826 760 1865 non
784 1806 849 1866 ideo
873 1806 972 1867 evadat
999 1806 1151 1879 incertum,
1171 1809 1249 1882 quod

64 1906 168 1982 praemi
182 1906 255 1965 uun
269 1907 325 1964 sur
335 1905 490 1972 vindicent,
503 1905 678 1980 singulorum
688 1905 800 1980 juribus
810 1886 922 1981 judeis
931 1902 1042 1980 integro
1052 1905 1247 1981 subjiciendis.

100 1992 172 2085 0th
184 2008 215 2061 2.
233 2002 408 2067 'Consensus
421 1996 649 2059 Christianorum
662 1999 833 2077 praejudiciis
840 1999 1037 2059 accensendus
1043 2011 1101 2069 est,
1113 2019 1203 2073 quum
1210 2020 1249 2061 ex

50 2098 221 2177 educatione
240 2099 474 2171 institutioneque
495 2087 585 2173 patria
598 2107 739 2165 nascatur,
755 2098 886 2159 examine
900 2098 1040 2252 neglecto,
1055 2099 1114 2177 ιιιιιι
1128 2109 1157 2156 et
1169 2097 1249 2156 dubi·

63 2198 161 2283 tatione
175 2197 250 2255 iuter
263 2196 383 2254 erimina
395 2194 543 2253 recensita.
585 2264 588 2269 ἡ

58 2292 179 2372 Jeep.
203 2292 291 2353 Fides
306 2303 334 2350 et
346 2273 512 2379 consensus
520 2291 749 2351 Christianorum
765 2311 817 2368 per
830 2292 929 2351 orbem
942 2306 1002 2352 ιιοιι
1016 2290 1160 2369 potestat
1177 2260 1257 2369 piei-²

10 2376 21 2421 ¹
55 2390 160 2469 juditia
181 2410 227 2450 ex
241 2365 407 2450 educatione
422 2399 490 2447 orta
511 2370 619 2456 referri,
641 2390 770 2461 quamvis
795 2389 871 2449 enim
885 2390 1033 2473 plerique
1047 2409 1064 2447 a
1084 2389 1249 2466 parentibus

61 2488 231 2548 Christianis
245 2487 303 2545 οιιι
320 2486 390 2567 fidei
409 2480 568 2565 imbuantur
581 2486 725 2560 mysteriis
741 2506 758 2542 a
772 2497 867 2545 tenera
880 2496 971 2557 aetate,
987 2499 1015 2545 et
1028 2487 1063 2545 ab
1077 2489 1156 2545 ororii
1170 2487 1251 2547 dubi·

57 2588 156 2646 tatione
168 2586 346 2650 abhorreant,
362 2560 393 2640 ιιι
407 2582 501 2645 adulta
515 2593 610 2642 tamen
624 2592 704 2640 aetate
719 2584 864 2640 constituti
877 2584 960 2641 facile
983 2583 1158 2660 depenerent
1171 2604 1250 2661 mys·

58 2684 193 2743 teriorum
209 2682 282 2741 uiui
292 2666 457 2741 sublimium
478 2698 605 2748 sensum,
626 2680 693 2741 nisi
707 2692 810 2756 praesto
834 2672 933 2737 essent
951 2680 1126 2739 validissima
1143 2680 1248 2739 divinte

59 2781 236 2853 ιοιοιιιιοιιιο
256 2765 455 2859 ιιιιίιιιιιιιιιι.Ι
451 2777 609 2835 :Hostium
631 2778 755 2834 nominis
778 2776 934 2835 Christiani
956 2777 1078 2834 assultus
1100 2776 1170 2835 adeo
1190 2778 1249 2834 vio-

57 2878 132 2949 lenti,
148 2879 284 2960 dolosaqt
309 2872 493 2943 muccinandi
508 2894 552 2931 ars
567 2875 663 2932 omnia
677 2854 851 2932 educationis
874 2866 1038 2965 praejudicia
1051 2874 1133 2933 facile
1147 2876 1249 2939 evelle·

58 2978 124 3035 rent.
136 2975 235 3057 Ipsae
242 2973 466 3075 uniuscujusque
478 2959 646 3047 cupiditates
657 2989 724 3028 cum
735 2971 904 3047 disponunt
902 2971 957 3029 ad
946 2988 1049 3048 jugum
1063 2950 1131 3031 fidei
1141 2973 1248 3031 excuti·

58 3074 191 3135 endum.
212 3057 367 3143 Constans
376 3070 475 3146 igitur,
490 3078 542 3144 per
555 3077 596 3126 ιοι
555 3069 712 3125 tsaeeula
726 3077 822 3149 totque
839 3069 979 3135 nationes,
994 3068 1066 3127 tides
1079 3071 1247 3143 certissimis

58 3168 225 3229 testimoniis
233 3145 340 3259 nitatur
349 3183 466 3224 neeesse
478 3174 531 3232 est,
542 3184 604 3236 quae
617 3165 711 3240 pueris
722 3165 861 3243 patefacta
871 3164 1044 3224 intellectum
1055 3166 1247 3237 lidroborant,

61 3277 89 3322 ut
101 3285 151 3343 per
164 3275 256 3323 totum
270 3263 335 3321 vitae
344 3260 519 3320 curriculum
540 3263 638 3320 firmus
653 3252 843 3338 plerumque
834 3282 870 3343 ιιι
880 3263 936 3321 fide
951 3274 1071 3321 maneat.
1113 3263 1247 3322 Examen

59 3371 150 3433 antem
161 3359 230 3419 illud
242 3357 322 3431 'quod
337 3376 374 3415 ex
388 3348 560 3415 dubitatione
575 3348 674 3424 oritur,¹
688 3358 753 3416 ideo
775 3359 902 3416 illicitum
925 3360 1053 3427 liabetur,
1069 3359 1146 3432 quod
1160 3361 1248 3418 animi

59 3455 161 3514 levitati
181 3438 284 3525 merito
306 3452 449 3520 tribuatur,
466 3464 552 3525 quu'm
575 3454 696 3529 praevius
718 3454 876 3513 intellectus
898 3474 1031 3513 assensus
1053 3450 1129 3512 certi
1149 3457 1249 3515 notitia
1326 3500 1329 3505 -

58 3550 179 3611 veritatis
199 3549 329 3608 revelatae
350 3549 402 3607 niti
422 3561 579 3607 censeatur
623 3549 769 3611 Craterum
784 3550 829 3607 vel
850 3551 934 3626 eulpa
953 3568 1013 3607 sua
1019 3549 1187 3621 dubitantes,
1202 3556 1248 3613 vel
1318 3566 1338 3603 ι.

58 3646 91 3704 ad
102 3622 236 3717 liudtipm
251 3644 428 3720 repellendos
443 3618 576 3721 assultus,
592 3645 685 3702 velud
700 3645 863 3720 dogmatum
878 3658 907 3704 et
920 3648 1118 3722 probationum
1138 3651 1249 3726 plenio·
1273 3679 1279 3687 ’

56 3762 115 3811 rem
124 3742 350 3819 intelligentiam,
363 3742 477 3818 plurimi
490 3761 611 3799 examen
619 3741 783 3810 instituunt,
796 3752 826 3799 ut
841 3743 953 3803 interim
964 3763 978 3801 s
981 3745 1099 3810 ileatnus
1111 3746 1145 3804 de
1157 3750 1248 3807 omni·

56 3832 105 3899 bus
117 3843 165 3915 qui
179 3841 281 3917 primis
295 3841 471 3915 praeconibus
484 3839 550 3896 fidei
565 3840 754 3916 prestiterunt
768 3853 969 3908 assensum,.et
979 3842 1014 3900 de
1029 3844 1064 3905 iis
1079 3845 1128 3917 qui
1144 3847 1246 3918 quovis
1340 3858 1345 3869 '

55 3942 159 4000 saeculo
169 3940 206 3998 ad
217 3951 310 3997 eastra
321 3939 485 3996 Christiana
499 3947 658 3995 transeunt:
698 3939 841 4011 Etlrnieos
853 3941 959 4016 quippe
971 3936 1124 4020 alloquens
1130 3944 1247 4020 pulchre
1290 3974 1297 3983 ·

55 4037 130 4095 dixit
150 4034 363 4095 Tertullianus:
407 4034 481 4092 “De
507 4035 608 4091 vestris
633 4034 754 4125 suimus:
784 4036 864 4104 fiunt,
891 4054 950 4094 ιιοιι
973 4048 1127 4096 naseuntur
1148 4039 1247 4098 Olrris·

54 4133 133 4191 tiani
137 4133 172 4169 ”¹
1050 4178 1053 4182 »

94 4227 165 4306 obj.
187 4233 215 4286 3.
246 4217 439 4291 Revelationis
464 4227 535 4284 fides
560 4197 617 4285 arte
642 4227 761 4302 politica
784 4208 1001 4313 principumque
1027 4249 1113 4331 opera
1137 4192 1246 4293 videiur

54 4324 178 4395 inducta,
194 4326 230 4384 ad
252 4326 405 4385 homines'
398 4338 434 4382 1n·
441 4324 538 4382 officio
551 4337 618 4382 cont
608 4325 749 4383 tinendos.
1317 4322 1321 4327 ’

98 4404 186 4524 Resp.
209 4421 402 4480 Revelationis
420 4420 491 4533 fides
507 4421 676 4491 Christianae
692 4440 742 4497 per
756 4423 808 4479 tria
821 4423 910 4499 viguit
924 4426 1039 4529 soecula,
1054 4427 1131 4485 civili
1152 4386 1245 4506 potes·

513 4651 555 4726 (lt
566 4650 636 4716 Apol.
649 4651 679 4700 ad
691 4648 795 4727 Genti}

180 4692 251 4795 Voti.
266 4736 340 4792 l-3
