2768 5032
389 235 445 297 DE
467 233 686 313 ECCLESIAE
707 230 984 293 SANO'PITA'PE.
1224 234 1279 291 187

95 403 183 452 tatem
194 394 331 454 Ecclesia
341 395 370 456 in
379 395 538 472 graviorum
548 392 890 473 delictam-remissione
898 388 1072 470 denegatam,
1080 389 1203 448 haeretici
1213 397 1279 446 sont

97 491 237 559 declarati,
250 502 278 550 51
292 492 437 568 Pelagiani
449 492 604 548 oberrares
616 489 651 547 de
662 484 772 547 naturar-
778 490 933 566 integritate
947 500 976 547 51
985 489 1091 546 viribus
1103 487 1278 546 anathemate

98 588 224 663 percussi
236 599 310 653 sunt,
321 589 346 644 si
358 590 428 664 uaga
436 587 484 644 illa
494 578 657 664 dogmatum
669 584 855 658 quorumdam
865 586 970 662 agnitio
979 583 1045 643 fidei
1054 601 1159 643 nornen
1174 600 1280 640 mersa·

96 696 164 743 tur:
177 685 308 744 Charitas
323 670 414 745 alutem
431 703 494 757 que
505 685 625 761 jactatur
636 702 694 742 noa
708 690 801 760 potest
813 684 948 743 unitatem
960 701 1022 757 quae
1037 681 1118 739 deest
1127 681 1278 757 supplere:

96 780 250 847 nec'enim
275 801 312 839 ex
333 781 434 850 ¹amicis
460 780 703 856 appellationibus,
726 778 777 836 scd
791 798 838 837 -ex
859 778 966 837 Christi
990 779 1117 837 instituto
1141 777 1282 835 Eoeastae

97 890 197 937 natura
211 889 239 936 51
252 879 344 955 unitas
359 877 472 955 pendet.
514 876 656 935 Craterum
671 887 806 951 quantum
821 877 855 934 ab
871 877 951 934 initio
965 876 1081 934 11115155
1096 875 1282 953 pugnaverint

98 986 193 1042 sectas,
210 986 239 1032 51
252 993 309 1047 quo
323 974 388 1031 odio
403 992 433 1030 se
448 974 569 1042 invicem
592 973 683 1049 adhuc
705 984 910 1050 prosequantur
930 973 998 1029 satis'
1019 982 1116 1030 notum
1131 982 1184 1030 est.
1224 971 1281 1030 Lu·

98 1073 209 1133 11151551
225 1072 408 1151 colloquium
423 1090 468 1128 an.
484 1075 559 1130 1557
570 1071 733 1138 vormatiae,
746 1081 830 1128 etan.
848 1075 923 1129 15118
936 1070 1112 1146 Altsnburgi‚
1127 1069 1282 1127 insanabile

99 1169 201 1229 uulnus
216 1147 373 1233 discordiae,
389 1184 445 1239 quo
458 1184 532 1223 nova
546 1178 622 1224 secta
634 1166 785 1237 laborabat,
800 1167 900 1224 frustra
914 1162 1012 1223 sanare
1027 1172 1174 1223 tentarunt.
1217 1163 1284 1221 Cal·

99 1248 216 1336 riniani,
232 1252 413 1320 Dord'racsna
426 1261 544 1337 Synodo
559 1261 661 1328 habita,
676 1262 709 1319 in'
719 1272 810 1320 sectas
826 1254 1051 1319 Gomaristaruni
1064 1270 1093 1317 et
1106 1260 1283 1318 Armihiano·

99 1381 164 1421 rum
177 1362 260 1435 scissi
275 1370 349 1427 sunt,
364 1359 420 1417 illis
436 1359 488 1416 hos
499 1357 587 1416 etiam
608 1359 643 1443 55
656 1371 782 1419 mortem
794 1377 1016 1431 nonnumquam
1031 1352 1283 1435 'persequentibus

101 1457 221 1519 Nostris
230 1457 313 1514 etiam
329 1455 506 1530 temporibus
517 1454 641 1512 vidimu's
652 1455 771 1515 scissam
786 1465 901 1523 1551551,
915 1455 1012 1532 jurgio
1024 1453 1239 1522 vehementiori,
1254 1463 1283 1514 et

101 1552 279 1619 contumeliis
293 1553 327 1610 in·
336 1549 412 1609 loliis
427 1552 456 1608 in
470 1569 502 1607 se
516 1551 637 1609 invicem
651 1551 725 1618 latis.

554 1798 558 1803 ‘
633 1796 752 1812 U

271 2022 277 2039 ”
320 1992 432 2111 5,·111.
465 2012 770 2107 5555515515
792 1974 1070 2084 sanciturus.
1098 2061 1101 2068 ,

139 2162 247 2243 ¹Veram
259 2169 369 2240 Christi
383 2164 652 2255 Ecclesiam-,quam
664 2178 748 2241 unam
762 2182 819 2240 fide
830 2170 1005 2260 et'rsgimine
1017 2176 1081 2243 essa
1095 2174 1287 2271 probavimus,

103 2294 228 2341 sanctam
240 2290 353 2354 quoque
368 2278 432 2337 esse
444 2281 493 2338 uix
506 2280 595 2338 ullus
591 2281 755 2358 negaverit.
768 2281 826 2338 555
837 2282 990 2340 sanctitatis
1002 2302 1057 2356 qua
1071 2283 1179 2359 fulgera
1191 2283 1291 2363 debeat

106 2383 247 2466 notionem
274 2397 331 2436 non
356 2396 456 2434 omnes
478 2357 576 2454 555515
599 2377 708 2459 ratione
733 2378 885 2454 explicant.
926 2377 1101 2459 Invisibilem
1127 2356 1289 2443 Ecclesiam

106 2479 221 2537 sanctis.
236 2487 362 2535 constare
390 2474 487 2533 dicunt
514 2453 726 2561 Protestantes3
755 2477 896 2565 visibilem
914 2471 990 2536 verb
1018 2491 1179 2556 peccatores
1204 2472 1290 2569 pluri·
1326 2486 1345 2559 '-

107 2576 165 2633 rrios
177 2556 330 2660 complecti
344 2571 429 2648 apud
432 2566 531 2645 omnes
543 2584 585 2630 est
599 2574 628 2637 15
639 2573 709 2653 5551
706 2592 790 2631 essm·
823 2572 907 2655 Hauc
918 2592 934 2632 5
945 2587 1041 2634 sancta
1052 2575 1177 2653 55511155
1188 2564 1290 2637 deflec-

107 2672 161 2730 tere
186 2670 273 2749 posse
297 2680 325 2727 et
346 2661 461 2746 magnas
480 2669 572 2746 reipsa
594 2662 788 2746 corruptiones
813 2646 918 2728 fovisse
941 2682 1079 2738 asserunt,
1094 2683 1123 2729 51
1144 2673 1291 2733 recensitis

103 2762 318 2826 Catholicorum
342 2765 457 2845 'flagitiis
480 2764 671 2825 Ecclesiam
664 2784 756 2841 rpsam
777 2767 855 2825 omni
877 2766 1007 2825 vitiorum
1031 2785 1133 2863 genere
1156 2767 1291 2825 exhibent

103 2860 289 2953 inquinatam.
333 2863 424 2947 Nobis
445 2864 512 2937 verb
538 2880 705 2937 persuasum
720 2872 773 2918 551
797 2861 979 2921 Ecclesiam
975 2854 1141 2939 1necsssarid
1165 2850 1290 2921 sanctam

100 2944 260 3021 doctrinam
276 2958 392 3026 1155515,
409 2969 504 3015 sancta
525 2958 681 3031 ministrare
703 2968 888 3024 sacramanta,
904 2967 1072 3029 sanctosque
1087 2958 1225 3034 plurimos
1240 2979 1292 3017 suo

98 3053 213 3117 fovere
222 3050 296 3112 sinu.
335 3048 414 3112 Inter
435 3055 487 3111 lios
502 3054 551 3127 qui
571 3054 655 3130 primi
671 3067 865 3167 propagarunt
885 3053 970 3146 apud
976 3055 1066 3113 varias
1086 3066 1185 3171 gentos
1206 3056 1290 3135 fidam

96 3154 255 3257 83110111518
270 3140 457 3210 eminuerunt
528 3177 531 3183 ’

595 3228 598 3239 ·
629 3220 685 3263 pa...
729 3242 754 3251 ..
802 3215 810 3251 ¹.

654 3258 678 3301 .-1·
725 3285 728 3296 .
875 3274 878 3283 ·

528 3303 544 3401 JK·
597 3312 769 3388 nnoa's'srrro
783 3348 811 3401 1.,

147 3491 281 3550 Ecclesia
296 3491 404 3548 Christi
425 3492 529 3550 Sancta
549 3502 592 3548 est
613 3492 720 3549 ratione
744 3491 913 3550 Fundatoris
936 3495 990 3560 sai,
1006 3463 1159 3566 eorumque
1174 3512 1294 3567 quorum

90 3602 179 3647 usus
194 3599 236 3646 est
249 3608 335 3666 opera
350 3590 491 3666 precipua
505 3590 534 3646 in
548 3607 581 3645 ea
597 3587 794 3699 propaganda;
816 3588 941 3693 doctrina
959 3582 1043 3695 etiam
1059 3605 1087 3648 ct
1100 3595 1293 3661 sacramentis,

88 3677 221 3760 necnon
236 3696 263 3742 51
278 3697 437 3767 sanctorum
452 3685 598 3763 progenie.
810 3690 828 3702 “

145 3781 309 3840 Probatur.
334 3781 409 3854 Vera
423 3780 532 3838 Christi
553 3780 685 3839 Ecclesia
701 3744 958 3846 5555555115551151
972 3781 1005 3858 55
1019 3801 1085 3841 eum
1099 3794 1128 3840 et
1140 3786 1294 3862 Apostolos

87 3896 189 3953 auam
206 3879 309 3937 1515115
324 3878 472 3954 originem,
487 3876 642 3942 doctrinam
655 3894 747 3950 quam
754 3875 925 3935 tradiderunt
937 3862 1126 3973 promulgare,
1139 3882 1210 3940 ritus
1223 3903 1294 3957 quos

89 3975 136 4037 in
152 3977 255 4034 salutis
269 3977 400 4033 humana
420 3974 545 4033 subsidia
566 3974 690 4033 instituit
710 3975 784 4043 ille,
781 3973 969 4053 peregerunt
978 3976 1019 4042 bi,
1040 3978 1215 4065 persolvere:
1240 4002 1296 4056 qua

90 4077 218 4135 ratione
244 4093 340 4147 quum
358 4074 473 4130 verbum
498 4075 568 4150 ejus
585 4070 674 4132 fructu
700 4092 757 4132 non
769 4084 882 4142 551551,
908 4085 1011 4132 sanctae
1038 4072 1183 4161 progeniei
1208 4091 1297 4139 mater

95 4170 252 4237 fae'cunda
264 4171 302 4227 sit
324 4188 456 4247 neccsse
465 4177 537 4226 est.
560 4170 664 4229 Merito
690 4170 795 4229 idcirco
820 4170 951 4231 Ecclesia
975 4172 1128 4231 sanctitatis
1153 4172 1294 4253 elogium

99 4268 276 4344 8511515115
283 4277 404 4324 ornatur.
446 4251 610 4341 Apostolus,
626 4266 659 4324 ad
682 4266 827 4342 Ephesios
848 4262 984 4334 scribens,
999 4260 1126 4327 1151151111
1137 4272 1252 4330 maritos
1266 4286 1298 4331 ut

80 4379 217 4433 -nxores
232 4356 359 4440 diligant,
382 4372 401 4398 ‘⁴
394 4363 485 4420 ‘sicut
498 4361 673 4421 etChristus
693 4362 793 4420 dilexit
812 4358 984 4432 Ecclesiam,
998 4374 1028 4422 51
1041 4367 1167 4444 seipsum
1186 4367 1298 4427 tradidit

103 4472 165 4545 pro
188 4478 231 4518 ea.
274 4459 314 4517 Ut
341 4459 417 4517 illam
440 4459 634 4528 sanctificaret,
657 4460 795 4518 mundans
822 4460 935 4527 lauacro,
954 4481 1033 4536 aqua
1054 4464 1091 4521 iu.
1109 4463 1194 4520 verbo
1222 4465 1295 4525 vitm.

103 4555 155 4615 Ilt
170 4559 317 4615 exhiberet
337 4557 399 4633 ipse
420 4557 473 4613 sibi
495 4555 647 4632 gloriosam
668 4556 838 4625 Ecclesiam,
852 4574 911 4616 non
926 4559 1075 4619 habentem
1088 4559 1237 4631 maculam,
1252 4575 1301 4623 aut
