2738 5032
119 262 177 319 tre
290 256 348 319 DE
369 256 540 318 'l'Ell'l'US
560 255 812 319 SCRIPTURAE
835 257 1138 321 ΙΝΤΕΟΒΙΤΔΊῈ

122 426 262 476 vetustata
275 416 359 493 longa
374 417 571 493 superantibus
585 416 699 475 codices
714 417 764 491 qui
778 426 885 485 extant,
900 417 1027 505 melioris
1048 416 1121 476 notar
1136 416 1252 476 codices
1272 424 1312 474 r'e·

121 520 315 594 presentant.¹
357 515 548 575 Vehementer
570 527 697 574 erramnt
719 515 939 574 Reformationis
967 518 1107 582 auctores,
1129 515 1179 588 qui
1204 523 1311 573 textum

119 628 205 687 quem
220 615 248 671 in
263 612 365 672 Bibliis
381 613 532 671 Hebraicis
547 624 719 689 repererunt,
736 613 884 688 integrum,
895 611 1011 669 etomni
1024 630 1143 670 numero
1153 609 1311 669 absolutum

119 720 261 790 putantes.
277 710 422 768 reiaionea
436 730 537 769 omnes
551 708 585 768 ad
610 711 673 787 ejus
690 728 819 769 normam
843 709 1057 788 componendas
1083 720 1112 768 et
1134 706 1312 785 corrigendas

121 806 311 866 clamitabant.
887 791 890 795 ¹

163 903 209 963 De
233 904 319 963 Novo
345 904 531 985 Testamento
556 902 697 962 fatendum
714 903 849 980 plurimas
870 903 987 980 reperiri
1008 901 1212 961 inCodicrbus
1227 899 1314 958 varie·

129 1010 211 1068 tates,
235 1019 297 1074 quae
320 1012 414 1059 tamen
437 1001 604 1078 plemmque
629 1019 745 1058 sensum
760 1019 818 1059 non
833 998 983 1063 admodum
999 999 1135 1073 afficiunt.
1179 998 1228 1056 Ex
1247 995 1312 1072 styli

127 1098 318 1175 simplicitate,
344 1100 372 1156 in
396 1116 451 1171 qua
472 1095 634 1155 Hebraismi
656 1097 815 1174 sepissime
837 1088 1007 1165 occurrunt
1022 1096 1180 1155 desiderata
1206 1094 1310 1152 Graue

121 1195 225 1272 lingum
241 1195 360 1271 puritate
374 1207 402 1252 et
416 1195 563 1271 elegantia,
579 1195 697 1272 contigit
712 1204 744 1252 nt
763 1180 907 1252 nonnemo
923 1194 1008 1252 vellet
1028 1213 1091 1267 qnae
1112 1191 1212 1252 durius
1233 1210 1312 1249 sona·

121 1293 191 1351 bant
204 1293 319 1350 suarius
340 1272 506 1350 ¹enuntiare:¹
529 1291 604 1364 quod
625 1291 775 1365 aliquando
795 1286 852 1349 leri
875 1292 1024 1363 rerbomrn
1050 1291 1207 1348 mutatione
1227 1288 1311 1357 licuit,

124 1392 251 1450 Fuemnt
264 1392 348 1449 etiam
364 1392 454 1463 quiin
470 1391 596 1468 margine
610 1402 785 1467 apponerent
804 1390 998 1448 illustrationis
1020 1409 1105 1448 causa
1128 1387 1256 1462 wedam
1277 1404 1310 1457 ex

121 1487 178 1545 alio
193 1486 336 1564 Scriptore
350 1505 430 1545 sacro
445 1486 603 1564 desumpta,
621 1506 684 1560 que.
698 1487 834 1563 deinceps
848 1505 941 1544 errore
956 1486 1147 1545 Amanuensis
1162 1486 1308 1553 intextum

124 1584 307 1660 irrepserunt.
349 1583 542 1642 Recensiones
557 1583 780 1660 Evangelionrm
794 1576 857 1656 que
872 1575 953 1647 tertio
967 1572 1072 1641 seculo
1092 1583 1128 1660 ab
1150 1581 1306 1658 Hesychio,

122 1680 260 1750 Lucieno,
275 1680 402 1758 Origene
417 1681 590 1758 prodiemnt,
613 1681 790 1739 varietatibus
812 1681 989 1757 prebuerunt
1009 1680 1181 1743 nonnullam
1192 1680 1308 1759 occasio·

127 1799 213 1847 nem;
229 1780 303 1837 siout
316 1780 345 1838 el
359 1780 412 1837 alia
427 1780 532 1858 scripta
545 1799 608 1854 quae
632 1778 815 1849 concordiam·
826 1774 1046 1855 Evangeliorum
1070 1787 1101 1839 ut
1116 1766 1305 1843 monstrarent,

125 1875 204 1952 plura
218 1893 255 1933 ex
270 1874 390 1952 cingulis
411 1874 562 1953 desumpta
581 1874 731 1952 conjuncta
750 1864 947 1933 exhibdemnt.
982 1862 1138 1933 Nonnulla
1151 1873 1307 1947 ¹tentui‘ad·

119 1963 205 2053 jecta,
217 1974 367 2039 occasione
380 1973 534 2033 lectionum
548 1976 578 2032 in
593 1971 735 2041 Ecclesia,
751 1983 870 2040 constat,
883 1974 968 2031 verba
982 1973 1165 2055 quippequae
1175 1973 1306 2053 introduc·

107 2072 209 2137 ,nonis
223 2091 308 2130 causa
329 2072 474 2149 premissa
495 2083 571 2139 sunt,
594 2072 638 2130 rel
665 2072 871 2140 terminationis
898 2072 986 2130 instar
1006 2072 1035 2129 in
1059 2072 1175 2147 p'nbllca
1193 2072 1305 2131 lectione

126 2167 245 2245 adjecta,
260 2187 473 2241 nonnumquam
487 2187 554 2226 eum
566 2177 649 2227 textu·
659 2149 923 2227 confundebantur*
961 2167 1043 2228 Licet
1052 2152 1137 2246 igitur
1147 2162 1307 2247 hodiemnm

125 2275 233 2323 textum
249 2265 383 2323 Graecum
408 2285 465 2323 nnn
479 2265 557 2323 omni
572 2265 795 2324 cotemnenda
819 2265 1067 2344 exploratumsit,
1090 2253 1119 2323 et
1142 2265 1307 2326 criticorum

125 2352 212 2440 opera
226 2362 255 2434 in
269 2382 304 2420 eo
320 2363 486 2440 corrigendo
500 2363 605 2421 utiliter
619 2368 761 2440 ponatur,⁸
772 2375 855 2432 caute
870 2373 974 2431 temen,
989 2374 1019 2420 et
1039 2374 1149 2421 serrata
1173 2354 1307 2423 Ecclesiae

36 2512 39 2518 ,
124 2460 290 2527 reverentia,
305 2459 394 2531 liquet
402 2478 439 2515 ex
455 2458 633 2517 varietatibus
648 2476 751 2537 paucas
766 2478 830 2517 esse
845 2475 907 2533 quae
921 2439 1060 2518 doctrinm
1067 2474 1211 2521 summam
1224 2461 1306 2539 respi-

213 2553 249 2590 ιη

125 2554 210 2620 ciant,
260 2565 289 2612 et
304 2555 433 2611 mendam
449 2573 574 2630 gravem,
589 2557 614 2613 si
636 2564 692 2641 qun
698 2557 873 2634 occurrerit,
887 2569 925 2614 e'x
946 2555 1010 2615 aliisi
1031 2559 1204 2625 testimoniis
1220 2561 1307 2637 Scrip-

1320 516 1359 526 a..-

126 2660 205 2719 ture,
221 2638 266 2708 rel
287 2669 323 2708 ex
337 2651 460 2723 antiquis
481 2647 665 2710 versionibus
677 2634 713 2710 ud
733 2658 861 2711 normam
883 2648 1087 2731 exemplarium
1110 2659 1307 2717 accuratioinm
1348 2656 1349 2660 ’

126 2747 217 2815 lactis,
232 2747 314 2807 senile
328 2747 396 2806 satis
411 2749 522 2826 corrigi.
564 2748 726 2822 Equidem
729 2768 766 2808 ex
787 2750 947 2815 criticorum
968 2745 1133 2830 laboribus
1125 2772 1150 2811 rs
1167 2755 1229 2832 jam
1243 2755 1308 2813 deri·
1327 2825 1330 2829 ,

125 2859 205 2905 ratus
220 2857 264 2904 est
278 2847 394 2913 fructus,
410 2860 441 2905 ut
463 2846 562 2925 c'apitis
577 2847 668 2905 ultimi
684 2848 776 2906 Marci
784 2848 931 2907 versiculi
943 2846 1086 2930 undecim,
1102 2861 1140 2909 et
1167 2853 1308 2931 sanguinei

124 2943 236 3002 andoris
251 2934 328 3020 apud
352 2945 457 3004 lucam
474 2944 570 3005 relatio
584 2960 663 3004 extra
677 2963 790 3041 omnem
815 2939 995 3004 dubilationis
1015 2936 1105 3016 aloem
1133 2951 1227 3026 posita
1247 2947 1308 3016 sint,
1342 2957 1346 2969 ‘

125 3040 234 3100 collatis
246 3041 415 3099 codicibus.

261 3350 263 3354 ’
338 3350 374 3414 o.
398 3358 480 3417 rur.
522 3354 578 3416 un
600 3308 877 3429 vnnsroumus
898 3350 1127 3453 nunionis.
1176 3407 1178 3414 ,

165 3514 302 3573 Omnium
330 3512 488 3575 versionum
512 3497 633 3579 Veterisx
648 3510 826 3595 Testamenti
846 3517 1028 3595 celeberrima
1052 3531 1079 3578 et
1115 3506 1311 3597 antiquissima

63 3612 66 3617 ’
128 3613 227 3669 merito
242 3610 436 3684 habeturque
455 3612 652 3692 Septuaginta
663 3608 855 3701 interpretum
869 3615 990 3697 obtinuit
1003 3608 1118 3684 nomen,
1132 3620 1171 3677 'ex
1192 3619 1313 3695 eo'quod

141 3765 196 3837 tl)
214 3767 276 3816 “To
288 3768 358 3817 allow
371 3766 421 3817 this
433 3771 557 3836 authority
569 3774 604 3830 (to
615 3769 765 3821 oration—a
784 3751 892 3839 reading
908 3771 1024 3839 different
1036 3770 1187 3842 [νυνι-’Μ
1196 3764 1314 3830 oblmis

126 3850 263 3917 eonrruonly
275 3851 427 3916 receiuedito
439 3856 554 3914 versione,
566 3857 587 3904 is
599 3864 642 3906 not
653 3867 677 3906 to
689 3857 790 3922 prefero
802 3874 871 3923 copy
880 3867 904 3907 ιο
916 3858 957 3908 the
969 3861 1088 3927 originem
1100 3856 1121 3912 it
1133 3864 1153 3912 ia
1164 3866 1226 3930 only
1235 3872 1260 3914 to
1270 3863 1313 3914 col·

124 3935 173 3986 leot
184 3933 246 3984 from
257 3937 332 3996 thern,
344 3939 410 3987 what
422 3954 472 3987 was
481 3939 521 3986 the
533 3940 652 4005 reading'
646 3957 672 3989 ιιι
684 3942 724 3990 the
737 3941 808 3990 MSS.
818 3942 847 3991 of
853 3941 894 3990 the
903 3944 1009 4009 original
1017 3945 1079 3994 from
1089 3946 1171 3997 which
1185 3949 1243 4014 they
1254 3964 1313 3999 were

126 4018 217 4076 nien,
229 4018 276 4067 end
289 4019 391 4069 beccum
403 4021 470 4069 these
480 4036 543 4069 were
556 4037 622 4070 more
634 4024 733 4072 ancient
741 4026 790 4074 and
801 4042 868 4074 more
884 4033 976 4081 correct
987 4024 1088 4078 than
1059 4045 1109 4094 any
1120 4031 1205 4082 which
1217 4048 1253 4083 we
1260 4047 1312 4082 now

125 4103 195 4163 heve,
206 4110 231 4152 to
242 4102 320 4166 prefer
340 4105 394 4153 thot
404 4104 507 4170 reading
523 4114 548 4155 to
567 4107 650 4156 what'
645 4124 666 4156 rs
683 4108 783 4158 sound'
777 4126 803 4180 m
819 4109 880 4159 luter
900 4112 948 4160 and
965 4091 1015 4167 less
1031 4119 1126 4162 correct
1138 4114 1316 4184 transcripts”

124 4189 227 4246 Gererd,
240 4186 299 4246 §in
311 4203 335 4235 n.
346 4186 399 4237 ³28„
1055 4212 1057 4217 ·

139 4270 183 4336 (2)
197 4270 258 4318 Vide
272 4268 339 4332 Hug,
353 4268 517 4335 Einleitung
511 4287 537 4320 ιιι
553 4272 593 4321 die
605 4271 728 4324 Schrillen
743 4273 785 4322 der
797 4273 829 4322 N.
841 4221 1000 4326 l'eetaments
1019 4276 1112 4327 Erster
1125 4279 1211 4342 Theil,
1223 4283 1317 4332 Viertes

123 4351 389 4419 lleoptatuch.p..140
405 4352 545 4419 edit1826.
600 4361 603 4364 ’
648 4350 649 4355 ’
704 4368 706 4372 ·
1185 4394 1187 4400 -

159 4438 201 4507 (3)
213 4434 320 4488 Consule
332 4435 401 4499 Hug,
412 4444 437 4485 et
446 4438 590 4503 Griesbnch·

158 4519 553 4587 <arvru02nqmnu11rn1nn
566 4519 722 4589 niseureny‘,
733 4525 808 4575 1.111.
821 4527 909 4589 naar.
1005 4512 1008 4519 ’

158 4601 194 4671 (5)
206 4605 268 4656 llnle
278 4605 406 4665 Wirornen
419 4605 511 4655 lecture
522 4607 589 4656 loth.
599 4624 632 4674 on
643 4609 745 4659 Scienoe
757 4611 806 4660 and
816 4611 938 4678 Religion.
