2738 5032
283 252 460 313 LEGIBUS
480 250 796 314 Psnvu'rssucuo
817 252 1070 313 conuentum.
1226 254 1262 310 bl
1348 320 1353 329 ,

86 414 213 482 morism3
228 414 341 473 Pascha
354 424 385 472 ut
397 414 490 473 exitus
504 432 541 471 cx
562 413 693 488 AEgypto
713 424 997 481 commemorantum
1018 413 1262 474 tabernaculorum

86 504 187 569 lustum
201 522 234 569 ut
246 511 556 569 servareturmemoris
576 521 686 586 patrum
706 511 758 569 sub
778 511 905 568 tentoriis
925 512 1172 588 peregrinantium.
1214 513 1265 572 So·

86 610 190 681 crificia
211 609 248 675 ιιι
265 611 432 682 obsequium
450 609 573 666 hominis
594 626 660 682 erga
673 608 778 675 Deum,
793 604 976 666 animantium
991 610 1193 678 immolatione,
1208 622 1265 670 tes·

84 706 200 765 tendum
213 716 288 765 suut
306 707 426 774 direots3
449 705 578 778 quam-vis
598 706 801 765 scienotiam
822 706 943 764 habeant
961 725 1027 764 cum
1047 706 1143 765 divina
1163 711 1265 787 mejes-

84 813 136 861 tate
153 805 378 881 proportionem,
393 803 528 863 indicium
544 813 636 859 tamen
650 812 717 861 sunt
737 804 883 861 homiuem
898 803 969 860 velle
984 802 1048 861 Deo
1068 802 1185 865 reddere
1200 827 1263 883 quse

84 900 174 983 ipsius
198 902 323 959 bonitati.
334 899 419 958 refert
440 911 572 976 acceptar
588 911 617 955 et
629 899 734 975 agnitio
750 901 823 977 juris
838 900 926 958 divini
947 900 976 959 in
991 901 1085 977 ipsum
1105 903 1261 977 hominem,

82 998 239 1081 omniaque
250 1017 314 1070 quae
335 997 469 1074 possidet.
512 996 631 1072 'l'riplcx
644 1008 738 1055 autem
753 998 954 1056 sacrificiorum
969 1010 1069 1075 genus,
1083 1004 1190 1083 peccati
1210 1005 1264 1063 sci·

83 1093 157 1171 licet,
172 1095 209 1152 ad
221 1095 394 1171 expiandum
408 1092 525 1162 delleta,
534 1097 682 1173 pacificum
694 1095 728 1152 ad
740 1096 840 1172 gratias
855 1095 977 1171 agendas
989 1115 1040 1172 pro
1051 1100 1206 1167 concessio,
1218 1102 1265 1161 vel

84 1187 117 1246 ad
129 1190 309 1282 impetranda
322 1211 395 1248 nova
408 1193 554 1258 beneficia,
570 1203 598 1249 et
611 1191 813 1250 holocaustum
827 1191 859 1247 ad
875 1211 1018 1249 summum
1035 1192 1090 1251 Dei
1104 1193 1274 1257 dominium¹

83 1286 327 1362 agnoscendum,
319 1289 483 1347 institutum
491 1302 542 1356 est.
584 1289 711 1347 Summa
721 1276 836 1360 quidam
851 1289 1002 1364 sapientia
1008 1307 1059 1365 pro
1073 1287 1185 1350 delictis
1205 1295 1263 1353 sin·

86 1384 225 1459 gulosum,
238 1392 267 1442 et
280 1386 364 1461 totius
385 1385 494 1462 populi,
509 1396 537 1443 et
551 1386 664 1443 Summi
688 1382 870 1451 Sacerdotis,
873 1385 1042 1461 expiationis
1058 1387 1181 1445 victimae
1194 1406 1264 1471 prue-

65 1482 196 1567 ¹scriptae
217 1490 293 1550 sunt,
307 1493 339 1539 ut
358 1483 429 1560 legis
450 1484 626 1540 observantia
640 1490 774 1547 maneret,
791 1482 860 1559 ipsis
881 1483 1044 1558 ignorantiae
1064 1495 1093 1542 et
1112 1486 1263 1569 oblivionis

85 1558 194 1641 delictis
209 1576 322 1636 baud
299 1597 360 1636 sune
374 1579 514 1639 oblatione
527 1578 648 1652 quadarn
662 1576 798 1637 dimissis
840 1578 970 1636 victimae
991 1599 1074 1638 mane
1089 1600 1264 1659 vespereque

86 1675 247 1743 ιιιιιιιοιιιιι,
261 1683 291 1733 et
302 1659 405 1752 megna
423 1671 601 1735 multitudiue
622 1658 795 1751 temporibus
816 1675 936 1740 statutis,
952 1676 1047 1735 Deum
1061 1696 1175 1757 semper
1194 1698 1264 1757 prae·

83 1780 194 1831 sentem
208 1773 355 1844 mentibus
376 1772 564 1830 israelitarum
585 1766 752 1839 efficiebant,
768 1789 852 1844 quern
874 1769 945 1828 adeo
966 1772 1057 1830 colere
1078 1776 1263 1835 tenebantur:

83 1883 139 1943 qua
154 1865 298 1935 retione'a
317 1869 407 1927 cultus
417 1867 594 1927 idololatrici
614 1870 739 1945 periculo
754 1868 844 1945 magis
866 1868 1048 1926 servabantur
1061 1870 1215 1938 immunes,
1229 1870 1264 1930 ad

83 1953 168 2038 quim
182 1952 318 2049 alioquin,
333 1966 371 2022 iix
384 1965 539 2022 vicinarum
553 1966 679 2041 gentium
693 1965 870 2041 contagione,
885 1963 1009 2047 maxime
1023 1977 1102 2022 erant
1112 1958 1263 2041 proclives.

83 2061 154 2135 Quae
168 2064 264 2119 autem
279 2062 444 2138 plerumque
459 2061 622 2138 exigebatur
635 2061 810 2119 victimarum
826 2054 962 2128 conditio,
975 2072 1006 2119 ut
1026 2062 1135 2120 scilicet
1148 2050 1263 2140 integrae

82 2158 183 2227 forent,
199 2154 306 2231 absque
321 2158 454 2230 ιιιιιιιι,ι
464 2156 493 2214 et
506 2160 607 2214 tener'ae
622 2159 720 2225 etatis,
729 2158 821 2215 innuit
833 2158 957 2233 pretiosa
965 2174 1100 2232 queque,
1115 2176 1177 2218 non
1188 2161 1263 2230 vilia,
1349 2146 1352 2151 ⁴

84 2254 157 2324 Deo,
172 2255 306 2332 omnium,
315 2253 450 2331 largitori,
462 2272 528 2310 esse
542 2250 704 2311 offerenda:
719 2273 775 2326 qua
788 2253 823 2309 de
838 2274 923 2310 causa
936 2255 1081 2313 immunda
1095 2255 1222 2329 quedam
1237 2266 1266 2315 et

82 2344 149 2410 vilia
157 2352 319 2420 animantia,
329 2371 392 2425 sus,
401 2351 507 2418 asinus,
517 2350 626 2423 aliaque
637 2338 800 2427 hujusmodi
809 2369 866 2408 non
877 2351 1073 2410 offerebantur.
1105 2352 1168 2411 Hac
1180 2354 1266 2424 etiam,

82 2436 189 2507 ratione
201 2448 295 2525 turpia
304 2448 381 2524 vitia,
391 2442 586 2520 insulsumque
601 2446 727 2505 animum
741 2446 877 2513 cultorem
889 2447 945 2505 Dei
955 2447 1090 2506 dedecere
1103 2449 1262 2511 docebatur.

116 2547 317 2605 'Lustrationes
332 2555 360 2603 et
378 2528 573 2621 expiationum
589 2528 808 2621 variespecies,
824 2555 965 2611 contracta
979 2546 1061 2622 legali
1075 2547 1263 2616 immunditie,
1344 2524 1348 2539 Ι

85 2645 128 2703 ιιι
138 2645 232 2722 culpa,
246 2645 289 2702 vel
299 2663 377 2711 casu,
393 2655 466 2701 natae
480 2653 558 2700 erant
568 2643 601 2700 ad
616 2642 742 2719 corporis
752 2643 908 2716 animaeque
920 2643 1096 2712 munditiem,
1110 2642 1264 2721 pr'aesertim

84 2741 114 2800 in
124 2742 191 2800 Dei
192 2741 285 2819 cultu.
324 2723 457 2807 Quod'
435 2759 460 2796 ιι
484 2740 648 2797 occasiones
669 2758 731 2796 eam
756 2726 938 2796 contrahendi
960 2751 1040 2796 tantae
1062 2740 1174 2808 luerint,
1189 2743 1264 2800 utin

85 2856 150 2896 cam
159 2836 321 2896 necessario
335 2852 467 2912 sepeque
482 2832 659 2900 incideretur,
668 2824 855 2891 exercebatur
869 2832 1052 2905 diligentiam
1064 2834 1099 2890 iis
1114 2835 1264 2904 evitandis,

87 2945 221 3007 quatenus
237 2933 298 2990 fieri
313 2941 443 3009 poterat,
445 2941 474 2988 et
487 2929 673 2988 obedientia'
666 2949 695 2985 ιιι
710 2928 842 2986 remediis
863 2922 1038 2988 adhibendis.
1080 2929 1175 2989 Licuit
1188 2942 1263 2991 certe

87 3028 146 3088 Deo
159 3028 303 3088 israelitas
311 3029 383 3094 huic
396 3020 536 3103 subjicere
550 3012 639 3093 oneri,
654 3022 809 3101 praesertim
822 3020 907 3139 quum
917 3026 973 3082 ltac
987 3026 1093 3085 ratione
1105 3048 1121 3085 a
1135 3028 1263 3133 gentium

86 3127 257 3185 commercio
272 3112 357 3183 alieni
371 3134 539 3182 tenerentur.
585 3146 589 3153 ·

116 3224 254 3293 Vectium
266 3221 410 3300 splendor,
424 3220 594 3278 tabemacuii
607 3206 700 3285 decor,
716 3234 876 3296 pompaque
892 3222 948 3277 tot'a
961 3221 1052 3278 cultus
1063 3221 1151 3279 divini
1163 3223 1265 3298 majes-

86 3328 169 3380 tatem
187 3338 330 3379 summam
351 3319 481 3376 sensibus
501 3317 660 3383 exhibebat,
675 3327 706 3373 ut
726 3335 827 3392 magna
847 3336 962 3392 prorsus
978 3318 1155 3385 veneratione
1175 3319 1264 3376 enimi

87 3416 272 3483 illicerentur.¹
311 3415 388 3473 Dum
403 3413 498 3473 altario
511 3406 656 3475 fumarent
664 3413 840 3471 victimarum
854 3412 1061 3489 sanguinevel
1083 3413 1172 3470 etism
1184 3413 1262 3475 victi}

47 3536 50 3547 ·
86 3515 138 3574 mis'
157 3515 293 3581 incensis,
314 3513 434 3587 thusque
458 3509 589 3568 sacerdos
610 3516 703 3567 coram
728 3508 792 3567 arca
813 3509 948 3576 adoleret,
970 3510 1041 3567 inter
1063 3506 1263 3588 tympanorum

86 3596 217 3683 sonitum,
232 3612 386 3668 vehemens
400 3608 525 3667 numinis
541 3606 674 3669 adstantis
688 3607 844 3664 reverentia
858 3617 886 3664 et
901 3618 990 3665 metus
1002 3606 1101 3665 o'mnes
1115 3609 1267 3697 incesserit

87 3710 201 3767 neccsse
215 3718 268 3766 est.
322 3711 327 3719 “

122 3805 190 3882 ipsa
200 3818 269 3865 ‘arca
281 3805 311 3861 ιιι
324 3820 408 3876 quam
422 3810 506 3885 nemo
520 3799 638 3858 audebat
651 3787 802 3875 respicere,
818 3818 885 3861 vasa
898 3808 977 3857 sacra
990 3811 1064 3859 tanta
1076 3820 1143 3860 cura
1163 3802 1263 3872 delata,

87 3903 193 3977 aliaque
203 3902 238 3961 ad
248 3898 353 3989 cultum
362 3900 538 3977 pertinentia,
548 3897 618 3955 adeo
630 3898 731 3956 honori
740 3897 842 3964 habita,
851 3898 980 3955 homines
993 3900 1095 3975 magtio
1106 3900 1263 4019 Religionis

88 4017 168 4058 sensu
183 3978 351 4071 afficiebant.

119 4095 307 4154 Discrimen
299 4104 371 4151 mter
383 4094 471 4159 cibos,
484 4091 673 4170 animantibus
685 4090 851 4161 quibusdam
862 4091 1008 4148 recensitis
1023 4091 1186 4159 immundis,
1201 4093 1263 4153 aliis

87 4194 213 4263 mundis,¹
229 4186 372 4252 Isreelitas
394 4210 410 4246 a
430 4189 556 4269 gentium
576 4189 728 4255 consortio,
753 4194 816 4261 quae
836 4186 906 4245 illud
927 4188 1000 4246 haud
1023 4191 1219 4269 agnoscebant,
1237 4202 1265 4247 et

87 4292 199 4367 proinde
214 4313 230 4349 a
237 4288 371 4368 periculo
388 4287 551 4345 idololatriae
567 4284 735 4354 amovebat,
740 4299 771 4353 ut
784 4286 856 4345 nihil
869 4286 960 4354 dicam
975 4287 1009 4345 de
1024 4287 1086 4346 aliis
1100 4289 1272 4357 rationibus,

88 4404 147 4460 que
161 4387 196 4447 ad
191 4387 337 4508 corporis
352 4384 539 4447 valetudinem
554 4385 672 4487 possint
678 4383 799 4440 referri*

291 4542 331 4592 ιι.
411 4575 416 4586 .

116 4543 152 4691 ιιι
167 4496 366 4680 ιιιιῖιιιιιιιιιιι
382 4641 457 4691 opus:
472 4624 592 4675 “Lettres
612 4625 642 4673 de
654 4624 770 4688 quelques
788 4623 861 4684 Juiis,
873 4600 935 4674 ιιι.
949 4626 987 4674 Dc
1007 4625 1119 4674 llnltuiru
1134 4625 1170 4673 ιι
1189 4624 1275 4688 'perire

82 4712 152 4763 lettre
163 4713 216 4764 113·
