2738 5032
41 267 44 273 ’
86 226 143 347 ἃσει
540 285 632 373 ,rue
655 282 818 345 unssu.

105 452 153 503 tur
165 442 311 512 Christus,
326 456 355 503 ct
377 463 434 505 uon
449 446 502 502 erit
515 444 577 520 ejus
598 442 722 522 populus
736 444 785 517 qni
799 462 866 501 eum
886 455 1039 522 negaturus
1052 453 1106 502 est.
1148 445 1190 504 Et
1203 445 1302 503 civita·

107 550 165 599 tem
179 553 210 599 et
221 541 411 600 sanctuarium
425 541 575 619 dissipabit
589 540 712 617 populus
723 559 788 598 cum
800 539 873 599 duce
887 552 1024 609 ventur03
1039 553 1068 600 et
1080 542 1147 600 linis
1160 522 1225 619 ejus
1240 560 1304 599 vas·

106 640 182 708 titas,
205 650 234 698 et
255 651 322 717 post
343 640 430 701 tinem
454 640 520 699 belli
540 648 643 696 statuta
662 637 810 696 desolatio.
861 637 1050 703 Confirmabit
1070 649 1163 698 autem
1185 650 1303 716 pactum

109 737 206 796 multis
221 737 399 808 hebdomada
419 758 484 804 uua,
499 748 528 795 et
542 737 570 794 iu
592 736 688 805 medio
709 735 894 797 hebdomadis
915 736 1027 795 deficiet
1036 738 1134 796 hostia
1153 746 1184 795 et
1196 736 1306 795 sacrifi·

107 833 205 902 cium;
227 844 256 892 et
269 833 322 892 srit
335 834 365 892 iu
387 835 493 910 templo
515 833 687 893 abominatio
707 832 901 899 desolationis,
916 846 945 891 et
964 853 1056 907 usque
1072 833 1106 892 ad
1120 852 1305 892 consumma·

108 933 214 991 tionem
231 940 259 991 ‘et
274 933 360 1000 finem
375 932 566 1009 perseverabit
579 930 764 990 desolatio.’'¹
843 988 846 995 ,

148 1028 221 1087 Haec
231 1029 315 1106 plane
326 1028 476 1105 adsignant
488 1027 627 1104 epocham
641 1026 778 1109 adventus
791 1027 911 1093 Christi,
926 1047 979 1091 nec
992 1014 1070 1088 enlm
1083 1027 1118 1086 de
1133 1028 1189 1087 alio
1203 1028 1304 1102 aliquo

108 1137 232 1202 possunt
245 1124 301 1183 dici
316 1143 381 1198 quae
395 1124 465 1182 adeo
480 1135 546 1182 sunt
561 1124 720 1200 magnifica,
735 1124 845 1185 scilicet
856 1124 1034 1202 iniquitatem
1047 1125 1229 1203 expiandam,
1240 1126 1306 1203 jus·

107 1221 197 1278 titiam
212 1220 413 1298 sempiternam
435 1218 640 1287 adducendam,
655 1220 782 1279 visiones
801 1220 1004 1299 prophetarum
1025 1221 1183 1298 implendas
1198 1240 1234 1280 eo
1255 1221 1306 1280 ad·

107 1319 249 1387 veniente,
292 1318 382 1394 ‚Porro
402 1317 548 1374 effluxisse
566 1317 628 1392 jam
642 1325 755 1392 tempus
769 1316 870 1393 liquet,
884 1337 951 1376 nam
965 1319 1144 1395 septuaginta
1157 1318 1212 1376 illae
1232 1317 1307 1378 heb·

107 1412 255 1482 domades,
268 1412 315 1479 nel
327 1412 450 1481 dierum,
465 1413 662 1470 velannorum
677 1413 735 1469 sint
754 1402 872 1471 necesse
887 1423 940 1478 est,
955 1413 1046 1479 nullas
1064 1415 1171 1494 quippe
1186 1413 1258 1472 alias
1272 1415 1304 1474 in

109 1510 264 1586 Sciipturis
273 1508 413 1586 legimus3
429 1511 463 1566 ab
474 1508 567 1575 edicto
578 1520 671 1587 autem
684 1507 718 1565 de
729 1508 902 1570 edificandis
912 1509 1136 1587 Hierosolymis,
1148 1508 1225 1584 quod
1237 1529 1305 1588 pro·

107 1604 160 1663 diit
172 1611 212 1664 20
226 1606 392 1663 Artaxerxis
406 1604 578 1682 Longimani
592 1607 692 1681 auno,'
704 1604 856 1682 plusquam
875 1607 919 1663 bis
933 1607 1011 1665 mille
1032 1607 1121 1683 elapsi
1136 1616 1204 1665 eunt
1222 1607 1302 1666 anni.

107 1703 240 1781 Tempus
254 1713 348 1760 autem
362 1703 434 1760 'mire
448 1703 591 1770 convenit,
602 1702 686 1783 juxta
699 1703 847 1778 peritiores
860 1702 1073 1782 chronologos,
1088 1723 1152 1763 cum
1167 1702 1239 1762 Jesu
1254 1703 1305 1763 ad·

105 1805 227 1879 ventuj⁸
244 1819 310 1869 nam
331 1819 421 1858 annus
436 1804 514 1858 4260
535 1797 646 1876 periodi
658 1798 799 1866 ¹iuliane,
814 1817 865 1857 sen
879 1801 977 1861 tertius
992 1819 1083 1859 annus
1103 1801 1186 1859 lxxxi
1207 1801 1303 1878 olym·

107 1894 211 1977 piadis,
227 1897 280 1965 luit
299 1896 457 1974 vigesimus
478 1914 568 1953 annus
589 1893 767 1961 Artaxerxis,
782 1913 857 1952 anno
877 1906 971 1954 sutem
992 1899 1071 1969 4746
1091 1896 1168 1954 illius
1189 1897 1304 1974 periodi

96 1991 243 2077 'Christus
258 2004 385 2052 mortuus
400 2003 453 2050 est.

146 2091 231 2150 Rstio
245 2110 296 2161 cnr
309 2101 419 2166 septem
434 2099 463 2146 et
482 2090 637 2166 sexaginte
659 2087 715 2147 duo
730 2089 923 2158 hebdomades
944 2080 1094 2169 separatim
1116 2090 1305 2161 nominfentur

106 2205 165 2246 non
180 2196 265 2264 patet
307 2185 554 2259 Putantnonnulli
569 2168 751 2262 quidragin'ta
765 2204 869 2257 noveru
882 2187 1029 2257 effluxisse
1043 2207 1133 2247 annos
1147 2199 1303 2263 antequam

106 2281 266 2340 Jerusalem
288 2294 318 2339 et
338 2281 461 2366 regionis
484 2281 619 2358 pleraque
641 2281 747 2359 oppida
765 2283 870 2342 refecta
890 2284 972 2352 sint,⁴
992 2285 1122 2357 quamvis
1143 2286 1255 2355 urbem,
1269 2289 1302 2348 in

107 2388 236 2456 tempore
257 2390 387 2454 angusto,
409 2379 575 2438 festinanter
595 2379 668 2436 iuter
691 2362 826 2455 pericula,
847 2390 960 2439 constet
978 2387 1099 2449 eiectam
1120 2382 1194 2441 intra
1217 2385 1301 2457 quin·

108 2476 243 2552 quaginta
262 2475 334 2532 duos
347 2474 448 2532 dies!
471 2475 544 2544 Aliis
567 2475 720 2533 discrimen
741 2477 848 2534 nullam
869 2477 972 2535 habere
986 2479 1141 2555 specialem
1155 2481 1303 2565 signitica-

109 2572 218 2630 tionem
232 2571 278 2629 vel
292 2588 408 2629 canum
421 2570 541 2640 videtur,
746 2640 748 2644 Ι
775 2572 778 2577 ’

148 2668 270 2727 Occisus
282 2678 326 2726 est
340 2665 485 2732 Christus,
498 2669 652 2737 nemiueei
661 2669 797 2737 favente,⁶
807 2679 836 2727 et
848 2670 907 2728 dux
918 2690 983 2728 cum
995 2672 1120 2729 exercitu
1134 2671 1244 2732 cladem
1258 2675 1302 2733 in-

108 2767 172 2824 tulit
187 2766 293 2843 populo
307 2765 426 2841 ingrato,
442 2764 554 2822 civitate
574 2766 658 2823 etiam
679 2785 788 2831 eversa,
804 2766 889 2849 Titus
903 2766 1012 2824 scilicet
1025 2767 1188 2843 imperator.
1230 2768 1302 2828 Pac·

108 2874 168 2928 turn
183 2852 276 2921 autern
291 2862 391 2919 initum
406 2871 451 2918 est
469 2880 534 2933 cum
556 2862 651 2919 multis
666 2861 843 2920 hebdomada
859 2882 925 2931 qua,
947 2863 1063 2922 Christo
1076 2863 1169 2922 adhuc
1182 2866 1213 2924 in
1226 2866 1301 2924 vivis

107 2980 172 3018 cum
188 2961 318 3037 plurimis
331 2959 451 3027 Judaeis,
464 2971 603 3018 eoautem
618 2960 751 3018 defuncto
766 2980 831 3030 cum
845 2962 977 3038 gentibus
989 2963 1085 3030 etiam,
1096 2964 1301 3040 Apostolorum

29 3043 58 3137 η’
107 3068 204 3132 opera.
245 3055 343 3113 Media
364 3055 542 3113 hebdomada
563 3056 665 3114 deiecit
686 3058 874 3129 Sacrificium,
890 3059 958 3141 quia
978 3079 1029 3116 sua
1051 3067 1140 3119 morte
1165 3060 1302 3120 Christus

108 3154 224 3231 figuras·
235 3152 372 3229 implevit,
388 3152 502 3225 vimque
524 3172 637 3210 omnem
660 3155 793 3221 victimis,
809 3174 871 3228 quae
889 3157 972 3237 juxta
990 3142 1300 3235 legem'offerebantur,

109 3252 232 3320 abstulit,
247 3251 301 3309 etsi
315 3251 359 3320 hae
375 3269 465 3325 usque
482 3249 519 3307 ad
539 3268 670 3309 eversum
691 3253 828 3330 templum
843 3254 940 3324 offerri
955 3257 1140 3331 perrexerint
1181 3257 1215 3315 ln
1230 3267 1303 3328 tem·

107 3350 156 3428 plo
166 3345 356 3414 abominanda
363 3364 408 3423 res
418 3346 480 3404 sisa
486 3359 540 3421 est,
551 3348 662 3416 zelotis,
673 3350 722 3422 qui
733 3349 802 3408 illud
811 3351 996 3427 occupabant,
1006 3350 1073 3410 urbe
1083 3373 1100 3410 a
1110 3353 1243 3413 Romano
1252 3374 1304 3414 ex·

104 3437 195 3531 ¹q'rcitu
209 3448 337 3527 obsessa,
350 3445 379 3502 in
394 3463 425 3507 se
439 3444 561 3521 invicem
577 3446 761 3513 soevieutibus
773 3467 781 3515 ς
795 3458 824 3505 et
837 3448 866 3505 iu
881 3459 939 3505 toto
953 3450 1031 3507 urbis
1051 3451 1183 3508 circuitu⁷
1197 3453 1305 3511 vexilla

104 3534 236 3602 Romana
246 3545 308 3603 visa
321 3552 397 3621 sunt,
410 3541 545 3620 falsorum
559 3542 677 3600 deorum
689 3544 860 3620 imaginibus
872 3555 979 3603 ornata.
1022 3545 1166 3618 Equidem
1179 3547 1304 3608 Meseiae

106 3640 243 3699 adventus
258 3653 370 3717 tempus
386 3641 440 3699 hoc
453 3640 584 3705 vaticinio
598 3639 740 3718 designari
751 3639 932 3700 manifestum
946 3653 1000 3710 est,
1011 3643 1137 3717 illudque
1148 3664 1215 3704 curn
1229 3658 1304 3707 tem·

105 3755 174 3815 pore
190 3755 246 3809 quo
259 3737 345 3794 lesus
360 3738 389 3807 in
404 3739 485 3808 terris
502 3737 583 3808 vixit,
597 3738 668 3811 mire
683 3737 864 3809 concordare,

119 3900 121 3905 ¹
137 3906 175 3967 (l)
192 3904 256 3952 Dan.
268 3905 300 3952 ix.
311 3904 351 3952 22.

137 3992 175 4050 (Ξ)
191 3987 296 4036 Nehem.
307 3988 332 4036 ii.
344 3989 366 4036 1.

138 4072 178 4135 (3)
195 4070 257 4118 Vide
266 4071 420 4120 dissertation
432 4087 475 4129 sur
485 4072 521 4120 les
532 4079 644 4136 ecptantc
656 4073 786 4132 semsines,
799 4073 866 4122 Bible
878 4075 908 4129 de
919 4075 1009 4136 Vence,
1020 4085 1037 4126 t
1050 4077 1086 4126 16.

136 4159 174 4218 (4)
190 4155 288 4204 Calmet
299 4154 324 4203 in
336 4155 381 4203 lec.

137 4243 174 4303 (5)
190 4239 207 4288 2
219 4238 292 4286 Esdr.
305 4238 360 4286 615.

137 4327 175 4389 (d)
192 4317 235 4405 ᾗ
249 4336 321 4404 qim
338 4329 385 4379 “et
395 4341 446 4373 uon
455 4327 503 4374 ei.''
536 4326 696 4390 Psrnphrasis
708 4344 723 4375 a
742 4327 847 4393 vulgato
858 4302 1080 4394 interpretedetur,
1099 4404 1103 4409 .
1114 4332 1217 4399 Bergief
1229 4338 1304 4389 integ

102 4452 159 4517 tigit
168 4450 199 4500 do
210 4450 289 4495 mete
300 4422 350 4495 ion
361 4446 399 4495 ssi
409 4462 493 4507 eausa,
504 4449 547 4499 sea
558 4456 586 4498 ut
597 4450 701 4500 suoram
713 4451 823 4514 expiaret
834 4453 958 4513 rationu.
970 4454 992 4504 ⁵.
1004 4455 1042 4505 cu
1055 4457 1077 4514 τ,
1087 4463 1126 4506 aa
1139 4455 1163 4506 s.
1175 4457 1188 4518 q
1201 4460 1240 4509 15,

136 4537 173 4597 (7)
199 4541 270 4627 im
285 4512 370 4625 lym,
384 4532 463 4598 Super
474 4533 548 4593 siem,
559 4536 627 4585 urbis
637 4543 755 4585 extrema.
