2738 5032
100 257 156 315 11⁴
377 252 434 313 DE
455 252 674 313 ECCLESIAE
696 253 1062 315 CONSERVATIONE.

97 423 130 471 ιιι
141 431 205 473 earn
219 412 507 489 argumentationibus
521 411 647 471 subdolis
662 411 850 472 infirmarent:
885 400 1025 473 Rhetores
1040 413 1122 491 copia
1133 414 1290 474 verboru·

97 509 144 568 usi
156 516 241 588 ιιιιιι
283 509 469 569 Scientiarum
483 510 605 568 cultores
619 528 733 568 omnem
750 529 865 586 operam
879 509 909 569 in
923 530 958 569 eo
973 520 1128 587 posueruut
1140 521 1171 569 ιιι
1184 529 1288 571 earum

89 602 229 671 ,suntote
248 604 379 663 vertrae·
394 603 570 664 christianas
590 616 763 663 everaert:
785 605 918 664 nnanat-
931 624 978 665 ιω
992 616 1087 685 μω
1101 605 1170 663 ιιι
1183 586 1295 665 ιηιιεέ

97 712 163 779 runt
172 701 268 778 specie
280 701 423 779 Religioni
434 700 603 759 Christianae
615 700 745 759 adversa:
761 702 868 779 politici
880 700 1045 765 oeconunie
1056 702 1148 761 civilis
1159 703 1288 765 rationes
1317 758 1320 762 .

99 798 294 876 excogitarunt
307 817 369 871 que
383 799 445 875 ejus
458 798 592 857 laederent
602 799 677 876 jura,
689 797 863 857 destruerent
876 798 1029 875 principia.¹
1064 797 1151 857 Plebs
1162 810 1242 876 saepe
1253 799 1285 857 in

100 917 162 957 eam
177 897 320 967 desaeviit3
342 899 519 975 magistratus
534 907 563 955 ot
575 898 716 974 principes
728 917 810 956 suam
824 907 1009 957 exercuerunt
1020 896 1215 957 anctoritatem
1226 917 1288 972 qua

99 1004 283 1072 premeretur.
325 994 386 1071 lpsi
399 994 557 1072 Religionis
572 994 745 1071 professores
755 995 921 1072 gravissima
932 995 1084 1053 intulerunt
1094 994 1206 1064 damna,
1218 1014 1285 1071 quae

99 1092 243 1151 interitum
258 1091 464 1159 minitabantur,
479 1111 516 1149 ex
530 1092 608 1151 omni
622 1092 730 1150 scilicet
743 1091 831 1174 gradu
844 1091 956 1156 fuerunt
968 1091 1018 1165 qui
1031 1092 1107 1149 vitiis
1121 1111 1184 1151 eam
1198 1091 1289 1150 dede³

89 1199 247 1257 ,corarent3
271 1199 300 1247 et
319 1189 424 1266 saepius
444 1190 528 1247 etiam
549 1190 678 1248 exierunt
696 1209 733 1253 ex
750 1189 1043 1267 ipsa,hostesetiliis
1058 1190 1287 1265 laetioremque

101 1286 196 1346 studio
210 1285 245 1345 ad
259 1305 321 1344 eam
336 1284 532 1344 destruendam
553 1285 712 1346 laborarunt
733 1287 860 1346 consiliis
880 1288 942 1364 ejus
963 1286 1118 1365 patefactis,
1132 1286 1286 1344 calumniis

100 1383 214 1451 additis,
227 1380 423 1454 mendaciisq:
444 1382 538 1439 omnis
559 1382 680 1459 generis.
706 1378 786 1443 ¹Noc
807 1393 901 1441 tamen
922 1383 1127 1460 prevaluerunt
1145 1382 1288 1460 conjurati

101 1479 217 1539 hostes:
260 1477 340 1536 Deus
354 1476 460 1554 quippe
481 1476 575 1535 aderat
595 1497 647 1536 sua
666 1499 721 1556 ope
741 1498 803 1537 eam
826 1489 996 1547 sustentans,
1017 1477 1088 1537 adeo
1107 1490 1140 1536 nt
1161 1478 1289 1555 potuerit

103 1573 237 1634 Ecclesia
250 1583 342 1650 grates
357 1574 447 1632 verbis
462 1562 619 1634 Psalmiste
640 1576 815 1653 persolvere:
858 1576 970 1651 “Saepe
987 1572 1287 1653 'expugnaverunt'me

103 1691 120 1730 a
128 1671 278 1749 juventute
289 1672 494 1735 mea-etenim
507 1692 563 1731 non
575 1655 725 1750 potuerunt
735 1671 853 1731 mihi.”²
887 1673 977 1730 Sectse
986 1691 1085 1732 omnes
1094 1671 1150 1730 sibi
1160 1671 1288 1733 invicem

103 1766 216 1836 cedunt,
238 1767 405 1844 opinionum
425 1781 585 1828 commenta
604 1769 650 1827 die
670 1769 791 1836 delente,
805 1769 934 1841 quamvis
956 1769 1121 1844 plerumque
1143 1769 1183 1827 iis
1200 1769 1291 1829 vehe-

103 1872 213 1923 menter
235 1863 325 1922 faveat
346 1864 436 1923 civilis
458 1875 600 1940 potestas:
641 1863 774 1922 Ecclesia
795 1873 888 1921 autem
908 1862 1017 1929 Christi
1040 1875 1136 1922 manet
1150 1874 1228 1940 post
1247 1872 1291 1923 tbt

103 1961 217 2030 secula,
232 1980 346 2039 semper
358 1963 531 2038 impugnata
545 1979 713 2038 semperque
729 1961 840 2020 victrix.
939 1992 941 1997 ·

144 2057 281 2116 Conferat
292 2059 411 2130 quisque
422 2057 583 2115 Ecclesiam
594 2077 658 2121 cum
671 2058 797 2135 imperiis
809 2057 1012 2135 potentissimis
1022 2022 1052 2115 et
1065 2045 1290 2126 florentissimis,

105 2174 170 2241 oum
185 2155 280 2233 regnis
292 2164 321 2210 et
333 2153 552 2244 rebuspublicis3
574 2165 602 2213 et
615 2155 765 2233 perspiciet
779 2155 874 2214 omnia
887 2174 952 2212 suas
966 2154 1108 2214 babere
1082 2172 1170 2253 vices,
1182 2163 1211 2226 et
1225 2173 1292 2231 pro·

104 2269 203 2329 pecare
217 2248 252 2308 ad
273 2250 426 2318 interitum,
441 2250 495 2308 alio
517 2251 596 2311 alteri
617 2250 751 2321 cedente;
773 2251 934 2323 Ecclesiam
956 2251 1050 2309 solam
1067 2238 1161 2309 omnia
1181 2251 1291 2309 saecula

105 2344 268 2425 pervadere,
281 2347 347 2420 quia
355 2347 463 2404 scilicet
471 2345 594 2407 divinam
608 2348 692 2406 habet
702 2348 857 2432 originem,
862 2346 988 2406 divinum
982 2344 1117 2423 proinde
1127 2345 1290 2417 munimen.

149 2438 216 2519 obj.
237 2440 375 2499 Ecclesiae
388 2440 542 2501 catholice
565 2462 617 2520 per
636 2455 676 2503 tot
696 2444 800 2502 amenta
821 2443 995 2503 conservatio
1016 2441 1145 2502 humanae
1165 2441 1292 2520 pruden-

107 2535 153 2594 tie
166 2535 262 2613 potius
277 2555 360 2610 quam
375 2534 511 2595 divinae
490 2557 582 2616 opere
597 2549 641 2597 est
660 2539 821 2598 tribuenda:
843 2539 951 2608 scilicet
970 2550 1045 2601 tanta
1064 2558 1131 2598 cum
1142 2551 1201 2597 arte
1215 2540 1290 2617 regi

105 2631 248 2709 menejus
263 2631 417 2710 perfectum
432 2638 519 2692 estut
538 2652 638 2694 omnes
658 2654 709 2711 per
728 2636 824 2695 orbem
845 2635 1033 2712 proesudesin
994 2634 1114 2693 rnidem
1127 2633 1291 2695 docendum
1327 2666 1330 2671 =

96 2728 285 2819 conveniant,
299 2729 463 2807 proscriptis
477 2741 577 2793 contra
586 2731 779 2791 sentientibus.
863 2777 864 2781 ,

145 2810 235 2904 ltcup.
257 2826 433 2930 Principium
448 2824 617 2887 auctoritatis
632 2848 687 2904 qna
700 2841 825 2889 servatur
839 2829 941 2898 unitas,
953 2838 997 2888 est
1009 2847 1106 2889 reuera
1116 2829 1173 2888 vita
1185 2812 1292 2889 Eccle-
1327 2818 1339 2838 ⁸

106 2923 173 2990 siae3
189 2921 361 2982 illudentem
376 2916 433 2982 nori
447 2924 608 2984 humanitus
622 2926 822 3003 excogitatum,
834 2925 885 2983 sed
896 2924 1029 2984 divinitus
1041 2923 1172 2983 traditum
1183 2922 1292 2989 haben·

107 3019 175 3078 dum
190 3029 248 3076 est:
272 3038 325 3077 nec
339 3021 414 3078 enim
428 3021 552 3080 humana
571 3023 717 3100 prudentia
736 3024 841 3082 sufficit
859 3004 932 3102 illud
934 3015 1111 3100 excogitare,
1126 3021 1171 3081 vel
1185 3040 1291 3083 execu-

39 3150 44 3161 ι
108 3115 178 3176 tiuni
192 3115 389 3187 demandatum
406 3136 456 3193 per
469 3128 510 3177 tot
529 3121 632 3178 secula
651 3138 826 3181 conservare.
867 3120 981 3180 Divinae
1001 3120 1053 3188 luit
1074 3119 1201 3197 prolecto
1213 3122 1292 3198 sapi·

107 3213 191 3273 e'ntiae
215 3231 290 3270 eam·
303 3211 447 3289 regiminis
472 3214 597 3289 [ormam
618 3216 771 3285 instituere,
798 3236 859 3290 quae
886 3215 1091 3295 expanderetur
1114 3217 1166 3293 p'er
1188 3216 1303 3277 orbem·

108 3312 213 3386 absque
228 3309 342 3370 unitatis
356 3307 540 3379 detrimento,
547 3311 585 3370 ita
599 3323 629 3371 ut
648 3313 839 3391 Episcopatus
859 3314 931 3373 toret
949 3333 1022 3372 unus
1036 3313 1117 3390 cujus
1130 3312 1237 3391 singuli
1259 3315 1291 3376 iu

108 3402 231 3473 solidum
256 3419 364 3488 partem
389 3419 524 3478 tenerent,
545 3411 641 3487 J'uxta
652 3412 876 3491 pulcherrimam
889 3400 918 3470 et
943 3410 1117 3470 verissimam
1141 3409 1291 3487 notionem

97 3509 260 3589 ‹Cypriani
301 3506 441 3586 Ejusdem
456 3508 599 3587 sapientie
614 3509 736 3568 bumana
748 3511 837 3587 longe
847 3509 960 3586 majoris
977 3509 1030 3567 suit
1041 3507 1174 3567 docuiuae
1187 3507 1291 3567 unitati

109 3607 266 3674 consulere,
278 3615 382 3668 tautam
396 3604 462 3663 huic
477 3607 626 3683 praesulum
638 3607 757 3705 collegio
769 3588 914 3665 tribuendo
925 3605 1125 3672 auctoritatem,
1137 3613 1168 3663 ut
1177 3623 1291 3663 errores

109 3702 172 3760 telo
192 3702 378 3766 damnationis
405 3702 554 3793 confodere
579 3704 711 3770 valerent,
739 3715 767 3762 et
793 3703 924 3781 profanos
952 3712 1098 3762 novatores
1126 3701 1241 3778 procul
1252 3702 1292 3760 ab

111 3798 242 3857 Ecclesia
255 3816 319 3857 esse
336 3799 446 3876 jubere.

154 3893 220 3973 ouj.
235 3896 264 3953 2.
286 3894 381 3972 Opera
394 3896 564 3972 principum
577 3895 742 3954 tribunalis
734 3896 936 3968 ruqursrtroms
948 3895 1067 3970 aliisque
1080 3893 1213 3956 humanis
1224 3894 1294 3954 sub·

89 4044 93 4051 ,
111 3991 202 4058 sidiis,
218 4010 274 4049 non
288 3990 383 4050 divina
396 3991 489 4064 aliqua
503 4012 557 4069 ope
571 3993 693 4050 substitit
712 3992 843 4050 Ecclesia
856 3991 1027 4059 Christiana.
1077 3986 1080 3991 ¹

149 4088 237 4167 Resp.
259 4087 385 4146 Fuerunt
398 4087 512 4160 quidem
526 4088 667 4167 principes
683 4087 810 4147 nonnulli
825 4098 995 4165 protectores
1009 4082 1157 4155 Ecclesiae,
1172 4085 1225 4145 sed
1239 4105 1295 4163 per

108 4186 163 4247 tria
186 4184 280 4262 priora
303 4185 406 4243 saecula
428 4185 528 4244 nullus
546 4185 638 4271 extitit
661 4185 792 4262 princeps
814 4183 1011 4244 Christianus:
1036 4195 1135 4263 postea
1155 4184 1295 4243 Julianus

111 4285 257 4360 Apostata,
266 4288 298 4337 'et
308 4278 449 4356 principes
460 4281 567 4349 Arimi,
579 4263 683 4355 aliique
693 4280 771 4340 omni
785 4274 842 4340 tere
854 4279 959 4341 saeeulo
968 4292 1104 4349 vexarunt
1109 4279 1292 4349 Ecclesiam,

111 4377 260 4444 hereticis,
271 4375 320 4449 qui
330 4373 386 4432 illis
395 4374 613 4445 blandiebantur,
623 4366 758 4437 lavantes.
779 4375 1295 4452 Tribunallnquisiticnisantessscu·

111 4479 170 4536 lum
182 4474 324 4534 decimum
335 4470 446 4531 tertium
460 4473 597 4551 ignotum,
609 4475 638 4534 in
649 4474 791 4551 nonnullis
806 4484 911 4534 tantum
925 4475 1019 4552 regnis
1033 4474 1191 4552 invigilavit
1199 4493 1239 4534 ne
1249 4494 1296 4534 er·

519 4580 522 4586 ·
589 4588 625 4652 (ι)
641 4570 797 4640 ratast(
