<?xml version="1.0" encoding="UTF-8"?>
<!DOCTYPE html PUBLIC "-//W3C//DTD XHTML 1.0 Transitional//EN"
    "http://www.w3.org/TR/xhtml1/DTD/xhtml1-transitional.dtd">
<html xmlns="http://www.w3.org/1999/xhtml" xml:lang="en" lang="en">
 <head>
  <title>
</title>
<meta http-equiv="Content-Type" content="text/html;charset=utf-8" />
  <meta name='ocr-system' content='tesseract 3.04.00' />
  <meta name='ocr-capabilities' content='ocr_page ocr_carea ocr_par ocr_line ocrx_word'/>
</head>
<body>
  <div class='ocr_page' id='page_1' title='image "./theologidogmati00kenrgoog_0115.png"; bbox 0 0 2738 5032; ppageno 0'>
   <div class='ocr_carea' id='block_1_1' title="bbox 83 302 926 375">
    <p class='ocr_par' dir='ltr' id='par_1_1' title="bbox 83 302 926 375">
     <span class='ocr_line' id='line_1_1' title="bbox 83 302 926 375; baseline 0 -12"><span class='ocrx_word' id='word_1_1' title='bbox 83 306 122 363; x_wconf 72' lang='lat'>92</span> <span class='ocrx_word' id='word_1_2' title='bbox 423 305 480 363; x_wconf 83' lang='lat' dir='ltr'>DE</span> <span class='ocrx_word' id='word_1_3' title='bbox 500 304 726 375; x_wconf 79' lang='lat' dir='ltr'>VA&#39;l&#39;lClNllS</span> <span class='ocrx_word' id='word_1_4' title='bbox 746 302 926 365; x_wconf 82' lang='lat' dir='ltr'>CHRISTI.</span> 
     </span>
    </p>
   </div>
   <div class='ocr_carea' id='block_1_2' title="bbox 28 462 1311 4293">
    <p class='ocr_par' dir='ltr' id='par_1_2' title="bbox 83 462 1272 926">
     <span class='ocr_line' id='line_1_2' title="bbox 84 462 1272 541; baseline -0.001 -21"><span class='ocrx_word' id='word_1_5' title='bbox 84 463 215 539; x_wconf 87' lang='lat' dir='ltr'>pietatem</span> <span class='ocrx_word' id='word_1_6' title='bbox 231 464 335 537; x_wconf 89' lang='lat' dir='ltr'>ubique</span> <span class='ocrx_word' id='word_1_7' title='bbox 354 462 625 539; x_wconf 69' lang='lat' dir='ltr'>predicandam&#39;ait.</span> <span class='ocrx_word' id='word_1_8' title='bbox 670 463 828 522; x_wconf 73' lang='lat' dir='ltr'>Veritatem</span> <span class='ocrx_word' id='word_1_9' title='bbox 841 463 1006 541; x_wconf 85' lang='lat' dir='ltr'>comprobat</span> <span class='ocrx_word' id='word_1_10' title='bbox 1024 471 1154 533; x_wconf 85' lang='lat' dir='ltr'>eventus,</span> <span class='ocrx_word' id='word_1_11' title='bbox 1169 480 1229 537; x_wconf 94' lang='lat' dir='ltr'>quo</span> <span class='ocrx_word' id='word_1_12' title='bbox 1244 472 1272 519; x_wconf 94' lang='lat' dir='ltr'>et</span> 
     </span>
     <span class='ocr_line' id='line_1_3' title="bbox 84 559 1270 636; baseline -0.002 -19"><span class='ocrx_word' id='word_1_13' title='bbox 84 559 201 617; x_wconf 84' lang='lat' dir='ltr'>seientia</span> <span class='ocrx_word' id='word_1_14' title='bbox 214 570 243 617; x_wconf 93' lang='lat' dir='ltr'>et</span> <span class='ocrx_word' id='word_1_15' title='bbox 255 560 380 636; x_wconf 89' lang='lat' dir='ltr'>potentia</span> <span class='ocrx_word' id='word_1_16' title='bbox 393 560 488 619; x_wconf 88' lang='lat' dir='ltr'>divina</span> <span class='ocrx_word' id='word_1_17' title='bbox 502 560 651 618; x_wconf 76' lang='lat' dir='ltr'>manifesto</span> <span class='ocrx_word' id='word_1_18' title='bbox 664 559 838 618; x_wconf 69' lang='lat' dir='ltr'>ostenditur:</span> <span class='ocrx_word' id='word_1_19' title='bbox 860 579 925 618; x_wconf 91' lang='lat' dir='ltr'>nam</span> <span class='ocrx_word' id='word_1_20' title='bbox 940 578 974 616; x_wconf 90' lang='lat' dir='ltr'>ea</span> <span class='ocrx_word' id='word_1_21' title='bbox 987 560 1083 618; x_wconf 85' lang='lat' dir='ltr'>omnia</span> <span class='ocrx_word' id='word_1_22' title='bbox 1097 578 1156 617; x_wconf 91' lang='lat' dir='ltr'>non</span> <span class='ocrx_word' id='word_1_23' title='bbox 1169 567 1270 635; x_wconf 86' lang='lat' dir='ltr'>potus-</span> 
     </span>
     <span class='ocr_line' id='line_1_4' title="bbox 83 654 1267 733; baseline 0 -21"><span class='ocrx_word' id='word_1_24' title='bbox 83 669 149 712; x_wconf 86' lang='lat' dir='ltr'>runt</span> <span class='ocrx_word' id='word_1_25' title='bbox 162 657 279 714; x_wconf 90' lang='lat' dir='ltr'>naturali</span> <span class='ocrx_word' id='word_1_26' title='bbox 292 657 400 715; x_wconf 91' lang='lat' dir='ltr'>lumine</span> <span class='ocrx_word' id='word_1_27' title='bbox 413 670 489 715; x_wconf 87' lang='lat' dir='ltr'>certo</span> <span class='ocrx_word' id='word_1_28' title='bbox 503 657 650 733; x_wconf 74' lang='lat' dir='ltr'><strong>cognosci,</strong></span> <span class='ocrx_word' id='word_1_29' title='bbox 663 676 717 714; x_wconf 90' lang='lat' dir='ltr'>nee</span> <span class='ocrx_word' id='word_1_30' title='bbox 730 675 786 733; x_wconf 92' lang='lat' dir='ltr'>ope</span> <span class='ocrx_word' id='word_1_31' title='bbox 799 656 923 713; x_wconf 86' lang='lat' dir='ltr'>humana</span> <span class='ocrx_word' id='word_1_32' title='bbox 936 655 972 713; x_wconf 85' lang='lat' dir='ltr'>sd</span> <span class='ocrx_word' id='word_1_33' title='bbox 985 654 1117 717; x_wconf 81' lang='lat' dir='ltr'>effectum</span> <span class='ocrx_word' id='word_1_34' title='bbox 1138 654 1267 732; x_wconf 84' lang='lat' dir='ltr'>perduci.</span> 
     </span>
     <span class='ocr_line' id='line_1_5' title="bbox 85 734 1271 871; baseline -0.001 -62"><span class='ocrx_word' id='word_1_35' title='bbox 85 749 190 810; x_wconf 86' lang='lat' dir='ltr'>Omnia</span> <span class='ocrx_word' id='word_1_36' title='bbox 203 751 368 812; x_wconf 86' lang='lat' dir='ltr'>videbantur</span> <span class='ocrx_word' id='word_1_37' title='bbox 378 752 505 820; x_wconf 88' lang='lat' dir='ltr'>adversa,</span> <span class='ocrx_word' id='word_1_38' title='bbox 517 752 588 810; x_wconf 90' lang='lat' dir='ltr'>adeo</span> <span class='ocrx_word' id='word_1_39' title='bbox 599 762 630 809; x_wconf 94' lang='lat' dir='ltr'>ut</span> <span class='ocrx_word' id='word_1_40' title='bbox 641 752 804 810; x_wconf 76' lang='lat' dir='ltr'>verosimile</span> <span class='ocrx_word' id='word_1_41' title='bbox 813 762 889 809; x_wconf 88' lang='grc' dir='ltr'>ιιιιι</span> <span class='ocrx_word' id='word_1_42' title='bbox 899 734 978 810; x_wconf 90' lang='lat' dir='ltr'>brevi</span> <span class='ocrx_word' id='word_1_43' title='bbox 989 750 1176 809; x_wconf 86' lang='lat' dir='ltr'>Christum</span> <span class='ocrx_word' id='word_1_44' title='bbox 1149 768 1271 871; x_wconf 78' lang='lat' dir='ltr'>eJusque</span> 
     </span>
     <span class='ocr_line' id='line_1_6' title="bbox 88 845 449 926; baseline 0.003 -22"><span class='ocrx_word' id='word_1_45' title='bbox 88 845 244 924; x_wconf 89' lang='lat' dir='ltr'>discipulos</span> <span class='ocrx_word' id='word_1_46' title='bbox 258 848 449 926; x_wconf 85' lang='lat' dir='ltr'>dissipandos.</span> 
     </span>
    </p>

    <p class='ocr_par' dir='ltr' id='par_1_3' title="bbox 69 904 1311 1796">
     <span class='ocr_line' id='line_1_7' title="bbox 131 904 1272 1021; baseline 0.004 -20"><span class='ocrx_word' id='word_1_47' title='bbox 131 944 202 1010; x_wconf 73' lang='lat' dir='ltr'>Qua</span> <span class='ocrx_word' id='word_1_48' title='bbox 216 942 315 1003; x_wconf 84' lang='lat' dir='ltr'>desua</span> <span class='ocrx_word' id='word_1_49' title='bbox 327 946 471 1021; x_wconf 85' lang='lat' dir='ltr'>passione,</span> <span class='ocrx_word' id='word_1_50' title='bbox 486 956 587 1012; x_wconf 88' lang='lat' dir='ltr'>morte,</span> <span class='ocrx_word' id='word_1_51' title='bbox 602 912 846 1003; x_wconf 88' lang='lat' dir='ltr'>etresurrectione</span> <span class='ocrx_word' id='word_1_52' title='bbox 859 944 967 1020; x_wconf 84' lang='lat' dir='ltr'>smpius</span> <span class='ocrx_word' id='word_1_53' title='bbox 982 904 1114 1020; x_wconf 87' lang='lat' dir='ltr'>proedixit</span> <span class='ocrx_word' id='word_1_54' title='bbox 1125 942 1272 1010; x_wconf 70' lang='lat' dir='ltr'>Christus</span> 
     </span>
     <span class='ocr_line' id='line_1_8' title="bbox 69 1038 1311 1119; baseline -0.002 -21"><span class='ocrx_word' id='word_1_55' title='bbox 69 1084 73 1089; x_wconf 73' lang='lat'><em>-</em></span> <span class='ocrx_word' id='word_1_56' title='bbox 86 1041 293 1119; x_wconf 76' lang='lat' dir='ltr'>prescientiam</span> <span class='ocrx_word' id='word_1_57' title='bbox 306 1042 431 1099; x_wconf 87' lang='lat' dir='ltr'>humane</span> <span class='ocrx_word' id='word_1_58' title='bbox 443 1041 527 1118; x_wconf 78' lang='lat' dir='ltr'>longe</span> <span class='ocrx_word' id='word_1_59' title='bbox 541 1042 714 1118; x_wconf 87' lang='lat' dir='ltr'>superiorem</span> <span class='ocrx_word' id='word_1_60' title='bbox 728 1038 890 1099; x_wconf 86' lang='lat' dir='ltr'>ostendunt.</span> <span class='ocrx_word' id='word_1_61' title='bbox 918 1040 1037 1117; x_wconf 78' lang='lat' dir='ltr'>Singula</span> <span class='ocrx_word' id='word_1_62' title='bbox 1050 1040 1197 1098; x_wconf 83' lang='lat' dir='ltr'>recensuit</span> <span class='ocrx_word' id='word_1_63' title='bbox 1206 1056 1270 1112; x_wconf 85' lang='lat' dir='ltr'>qutc</span> <span class='ocrx_word' id='word_1_64' title='bbox 1308 1064 1311 1068; x_wconf 96' lang='lat'>·</span> 
     </span>
     <span class='ocr_line' id='line_1_9' title="bbox 85 1136 1274 1215; baseline -0.001 -20"><span class='ocrx_word' id='word_1_65' title='bbox 85 1149 162 1195; x_wconf 89' lang='lat' dir='ltr'>esset</span> <span class='ocrx_word' id='word_1_66' title='bbox 175 1157 320 1215; x_wconf 72' lang='lat' dir='ltr'>pessuma,</span> <span class='ocrx_word' id='word_1_67' title='bbox 336 1152 456 1211; x_wconf 78' lang='lat' dir='ltr'>seseque</span> <span class='ocrx_word' id='word_1_68' title='bbox 468 1137 559 1195; x_wconf 88' lang='lat' dir='ltr'>triduo</span> <span class='ocrx_word' id='word_1_69' title='bbox 573 1136 730 1195; x_wconf 89' lang='lat' dir='ltr'>redivivum</span> <span class='ocrx_word' id='word_1_70' title='bbox 741 1137 800 1195; x_wconf 86' lang='lat' dir='ltr'>sore</span> <span class='ocrx_word' id='word_1_71' title='bbox 811 1137 983 1196; x_wconf 88' lang='lat' dir='ltr'>enuntiavit:</span> <span class='ocrx_word' id='word_1_72' title='bbox 999 1138 1058 1195; x_wconf 91' lang='lat' dir='ltr'>imo</span> <span class='ocrx_word' id='word_1_73' title='bbox 1068 1155 1120 1195; x_wconf 84' lang='lat' dir='ltr'>aua</span> <span class='ocrx_word' id='word_1_74' title='bbox 1133 1145 1274 1212; x_wconf 78' lang='lat' dir='ltr'>potestate</span> 
     </span>
     <span class='ocr_line' id='line_1_10' title="bbox 84 1232 1274 1311; baseline -0.002 -19"><span class='ocrx_word' id='word_1_75' title='bbox 84 1245 322 1295; x_wconf 84' lang='lat' dir='ltr'>resurrecturum:</span> <span class='ocrx_word' id='word_1_76' title='bbox 350 1244 544 1311; x_wconf 87' lang='lat' dir='ltr'>“potestatem</span> <span class='ocrx_word' id='word_1_77' title='bbox 567 1234 657 1291; x_wconf 87' lang='lat' dir='ltr'>habeo</span> <span class='ocrx_word' id='word_1_78' title='bbox 678 1235 779 1299; x_wconf 89' lang='lat' dir='ltr'>iterum</span> <span class='ocrx_word' id='word_1_79' title='bbox 805 1234 937 1292; x_wconf 90' lang='lat' dir='ltr'>sumendi</span> <span class='ocrx_word' id='word_1_80' title='bbox 956 1232 1066 1291; x_wconf 82' lang='lat' dir='ltr'>eam.&#39;’²</span> <span class='ocrx_word' id='word_1_81' title='bbox 1108 1232 1184 1299; x_wconf 82' lang='lat' dir='ltr'>Quis</span> <span class='ocrx_word' id='word_1_82' title='bbox 1212 1232 1274 1295; x_wconf 73' lang='lat' dir='ltr'>hee</span> 
     </span>
     <span class='ocr_line' id='line_1_11' title="bbox 87 1327 1274 1407; baseline 0 -20"><span class='ocrx_word' id='word_1_83' title='bbox 87 1329 185 1388; x_wconf 84' lang='lat' dir='ltr'>dicere</span> <span class='ocrx_word' id='word_1_84' title='bbox 201 1331 341 1407; x_wconf 89' lang='lat' dir='ltr'>potuisset</span> <span class='ocrx_word' id='word_1_85' title='bbox 352 1342 382 1388; x_wconf 93' lang='lat' dir='ltr'>et</span> <span class='ocrx_word' id='word_1_86' title='bbox 395 1331 524 1407; x_wconf 86' lang='lat' dir='ltr'>implere,</span> <span class='ocrx_word' id='word_1_87' title='bbox 538 1330 594 1388; x_wconf 90' lang='lat' dir='ltr'>nisi</span> <span class='ocrx_word' id='word_1_88' title='bbox 608 1329 705 1388; x_wconf 90' lang='lat' dir='ltr'>divino</span> <span class='ocrx_word' id='word_1_89' title='bbox 725 1328 878 1387; x_wconf 88' lang='lat' dir='ltr'>illustratus</span> <span class='ocrx_word' id='word_1_90' title='bbox 891 1329 1009 1397; x_wconf 88' lang='lat' dir='ltr'>lumine,</span> <span class='ocrx_word' id='word_1_91' title='bbox 1023 1327 1119 1387; x_wconf 88' lang='lat' dir='ltr'>diviua</span> <span class='ocrx_word' id='word_1_92' title='bbox 1135 1328 1274 1387; x_wconf 77' lang='lat' dir='ltr'>suffultus</span> 
     </span>
     <span class='ocr_line' id='line_1_12' title="bbox 84 1428 786 1502; baseline -0.004 -18"><span class='ocrx_word' id='word_1_93' title='bbox 84 1428 230 1502; x_wconf 81' lang='lat' dir='ltr'>poleniial</span> <span class='ocrx_word' id='word_1_94' title='bbox 510 1433 513 1439; x_wconf 92' lang='lat'>&#39;</span> <span class='ocrx_word' id='word_1_95' title='bbox 783 1476 786 1481; x_wconf 88' lang='lat'><em>.</em></span> 
     </span>
     <span class='ocr_line' id='line_1_13' title="bbox 99 1498 1276 1607; baseline -0.001 -25.978"><span class='ocrx_word' id='word_1_96' title='bbox 99 1523 265 1581; x_wconf 85' lang='lat' dir='ltr'>Proedixit</span> <span class='ocrx_word' id='word_1_97' title='bbox 288 1524 372 1607; x_wconf 88' lang='lat' dir='ltr'>etiam</span> <span class='ocrx_word' id='word_1_98' title='bbox 391 1522 526 1581; x_wconf 83' lang='lat' dir='ltr'>Christus</span> <span class='ocrx_word' id='word_1_99' title='bbox 548 1522 752 1600; x_wconf 79' lang='lat' dir='ltr'>Hierosolyma</span> <span class='ocrx_word' id='word_1_100' title='bbox 771 1542 836 1581; x_wconf 89' lang='lat' dir='ltr'>esse</span> <span class='ocrx_word' id='word_1_101' title='bbox 856 1523 1015 1591; x_wconf 87' lang='lat' dir='ltr'>evertenda,</span> <span class='ocrx_word' id='word_1_102' title='bbox 1029 1498 1058 1580; x_wconf 84' lang='lat' dir='ltr'>et</span> <span class='ocrx_word' id='word_1_103' title='bbox 1075 1521 1191 1599; x_wconf 75' lang='lat' dir='ltr'>singule</span> <span class='ocrx_word' id='word_1_104' title='bbox 1210 1538 1276 1596; x_wconf 78' lang='lat' dir='ltr'>quae</span> 
     </span>
     <span class='ocr_line' id='line_1_14' title="bbox 84 1619 1277 1707; baseline 0.001 -30"><span class='ocrx_word' id='word_1_105' title='bbox 84 1619 279 1697; x_wconf 75' lang='lat' dir='ltr'>praecederent</span> <span class='ocrx_word' id='word_1_106' title='bbox 297 1631 326 1678; x_wconf 88' lang='lat' dir='ltr'>et</span> <span class='ocrx_word' id='word_1_107' title='bbox 345 1631 541 1694; x_wconf 82' lang='lat' dir='ltr'>sequerentur,</span> <span class='ocrx_word' id='word_1_108' title='bbox 562 1640 749 1707; x_wconf 73' lang='lat' dir='ltr'>magniacum</span> <span class='ocrx_word' id='word_1_109' title='bbox 773 1620 927 1698; x_wconf 82' lang='lat' dir='ltr'>diligentia,</span> <span class='ocrx_word' id='word_1_110' title='bbox 948 1620 1109 1697; x_wconf 80' lang='lat' dir='ltr'>descripsit,</span> <span class='ocrx_word' id='word_1_111' title='bbox 1129 1630 1162 1678; x_wconf 92' lang='lat' dir='ltr'>ut</span> <span class='ocrx_word' id='word_1_112' title='bbox 1183 1619 1277 1693; x_wconf 86' lang='lat' dir='ltr'>liquet</span> 
     </span>
     <span class='ocr_line' id='line_1_15' title="bbox 84 1716 1232 1796; baseline -0.001 -20"><span class='ocrx_word' id='word_1_113' title='bbox 84 1718 261 1795; x_wconf 75' lang='lat' dir='ltr'>comparenti</span> <span class='ocrx_word' id='word_1_114' title='bbox 271 1717 419 1777; x_wconf 84' lang='lat' dir='ltr'>historiam</span> <span class='ocrx_word' id='word_1_115' title='bbox 433 1737 450 1775; x_wconf 89' lang='lat' dir='ltr'>e</span> <span class='ocrx_word' id='word_1_116' title='bbox 462 1718 592 1796; x_wconf 82' lang='lat' dir='ltr'>Josepho</span> <span class='ocrx_word' id='word_1_117' title='bbox 604 1718 792 1794; x_wconf 80' lang='lat' dir='ltr'>conscriptam</span> <span class='ocrx_word' id='word_1_118' title='bbox 804 1736 870 1777; x_wconf 88' lang='lat' dir='ltr'>oum</span> <span class='ocrx_word' id='word_1_119' title='bbox 884 1718 1067 1796; x_wconf 78' lang='lat' dir='ltr'>Evangelicis</span> <span class='ocrx_word' id='word_1_120' title='bbox 1077 1716 1232 1775; x_wconf 83' lang='lat' dir='ltr'>vaticiniis.</span> 
     </span>
    </p>

    <p class='ocr_par' dir='ltr' id='par_1_4' title="bbox 83 1810 1276 1989">
     <span class='ocr_line' id='line_1_16' title="bbox 128 1810 1276 1907; baseline 0 -34"><span class='ocrx_word' id='word_1_121' title='bbox 128 1813 194 1893; x_wconf 75' lang='lat' dir='ltr'>obj.</span> <span class='ocrx_word' id='word_1_122' title='bbox 209 1813 281 1880; x_wconf 79' lang='lat' dir='ltr'>Qum</span> <span class='ocrx_word' id='word_1_123' title='bbox 301 1813 337 1871; x_wconf 92' lang='lat' dir='ltr'>de</span> <span class='ocrx_word' id='word_1_124' title='bbox 361 1813 500 1873; x_wconf 76' lang='lat' dir='ltr'>Ecclesiae</span> <span class='ocrx_word' id='word_1_125' title='bbox 520 1815 550 1871; x_wconf 90' lang='lat' dir='ltr'>vi</span> <span class='ocrx_word' id='word_1_126' title='bbox 570 1810 752 1889; x_wconf 85' lang='lat' dir='ltr'>insuperabili</span> <span class='ocrx_word' id='word_1_127' title='bbox 772 1812 845 1871; x_wconf 87' lang='lat' dir='ltr'>dixit</span> <span class='ocrx_word' id='word_1_128' title='bbox 865 1812 1009 1881; x_wconf 83' lang='lat' dir='ltr'>Christus,</span> <span class='ocrx_word' id='word_1_129' title='bbox 1011 1812 1202 1907; x_wconf 71' lang='lat' dir='ltr'>jactantium,</span> <span class='ocrx_word' id='word_1_130' title='bbox 1220 1830 1276 1889; x_wconf 81' lang='lat' dir='ltr'>seu</span> 
     </span>
     <span class='ocr_line' id='line_1_17' title="bbox 83 1876 1159 1989; baseline -0.001 -20"><span class='ocrx_word' id='word_1_131' title='bbox 83 1911 183 1970; x_wconf 76' lang='lat' dir='ltr'>sdtem</span> <span class='ocrx_word' id='word_1_132' title='bbox 197 1930 329 1989; x_wconf 78' lang='lat' dir='ltr'>maguam</span> <span class='ocrx_word' id='word_1_133' title='bbox 343 1910 485 1978; x_wconf 84' lang='lat' dir='ltr'>fiduciam,</span> <span class='ocrx_word' id='word_1_134' title='bbox 499 1911 617 1969; x_wconf 90' lang='lat' dir='ltr'>minime</span> <span class='ocrx_word' id='word_1_135' title='bbox 631 1906 697 1967; x_wconf 89' lang='lat' dir='ltr'>verd</span> <span class='ocrx_word' id='word_1_136' title='bbox 711 1915 815 1969; x_wconf 84' lang='lat' dir='ltr'>certam</span> <span class='ocrx_word' id='word_1_137' title='bbox 831 1911 978 1969; x_wconf 88' lang='lat' dir='ltr'>seientiam</span> <span class='ocrx_word' id='word_1_138' title='bbox 991 1876 1159 1973; x_wconf 78' lang='lat' dir='ltr'>iddieturt..</span> 
     </span>
    </p>

    <p class='ocr_par' dir='ltr' id='par_1_5' title="bbox 83 2005 1277 3050">
     <span class='ocr_line' id='line_1_18' title="bbox 121 2005 1272 2088; baseline 0 -21"><span class='ocrx_word' id='word_1_139' title='bbox 121 2008 210 2088; x_wconf 83' lang='lat' dir='ltr'>Resp.</span> <span class='ocrx_word' id='word_1_140' title='bbox 233 2009 322 2067; x_wconf 90' lang='lat' dir='ltr'>Nulla</span> <span class='ocrx_word' id='word_1_141' title='bbox 339 2018 385 2066; x_wconf 84' lang='lat' dir='ltr'>est</span> <span class='ocrx_word' id='word_1_142' title='bbox 399 2008 541 2086; x_wconf 75' lang='lat' dir='ltr'>jactantie</span> <span class='ocrx_word' id='word_1_143' title='bbox 561 2009 669 2075; x_wconf 82' lang='lat' dir='ltr'>umbra,</span> <span class='ocrx_word' id='word_1_144' title='bbox 684 2005 736 2065; x_wconf 89' lang='lat' dir='ltr'>sed</span> <span class='ocrx_word' id='word_1_145' title='bbox 755 2017 847 2065; x_wconf 90' lang='lat' dir='ltr'>certa-</span> <span class='ocrx_word' id='word_1_146' title='bbox 844 2008 1014 2085; x_wconf 86' lang='lat' dir='ltr'>promissio,</span> <span class='ocrx_word' id='word_1_147' title='bbox 1029 2025 1095 2082; x_wconf 77' lang='lat' dir='ltr'>quaa</span> <span class='ocrx_word' id='word_1_148' title='bbox 1113 2006 1272 2067; x_wconf 79' lang='lat' dir='ltr'>scientim</span> 
     </span>
     <span class='ocr_line' id='line_1_19' title="bbox 83 2096 1275 2185; baseline 0 -22"><span class='ocrx_word' id='word_1_149' title='bbox 83 2110 224 2169; x_wconf 76' lang='lat' dir='ltr'>summam</span> <span class='ocrx_word' id='word_1_150' title='bbox 238 2114 268 2162; x_wconf 87' lang='lat' dir='ltr'>et</span> <span class='ocrx_word' id='word_1_151' title='bbox 280 2114 447 2180; x_wconf 84' lang='lat' dir='ltr'>potestatem</span> <span class='ocrx_word' id='word_1_152' title='bbox 458 2103 581 2162; x_wconf 82' lang='lat' dir='ltr'>denotet</span> <span class='ocrx_word' id='word_1_153' title='bbox 615 2103 707 2178; x_wconf 71' lang='lat' dir='ltr'>ste&#39;</span> <span class='ocrx_word' id='word_1_154' title='bbox 699 2121 762 2181; x_wconf 82' lang='lat' dir='ltr'>ipse</span> <span class='ocrx_word' id='word_1_155' title='bbox 773 2103 925 2181; x_wconf 82' lang='lat' dir='ltr'>largiturus</span> <span class='ocrx_word' id='word_1_156' title='bbox 936 2122 1000 2163; x_wconf 87' lang='lat' dir='ltr'>esse</span> <span class='ocrx_word' id='word_1_157' title='bbox 1012 2105 1097 2163; x_wconf 87' lang='lat' dir='ltr'>Petro</span> <span class='ocrx_word' id='word_1_158' title='bbox 1110 2096 1275 2185; x_wconf 73' lang='lat' dir='ltr'>privilegia,</span> 
     </span>
     <span class='ocr_line' id='line_1_20' title="bbox 83 2197 1276 2278; baseline 0.003 -22"><span class='ocrx_word' id='word_1_159' title='bbox 83 2217 203 2272; x_wconf 79' lang='lat' dir='ltr'>quaeque</span> <span class='ocrx_word' id='word_1_160' title='bbox 217 2197 357 2256; x_wconf 85' lang='lat' dir='ltr'>Ecclesire</span> <span class='ocrx_word' id='word_1_161' title='bbox 367 2214 456 2275; x_wconf 86' lang='lat' dir='ltr'>supra</span> <span class='ocrx_word' id='word_1_162' title='bbox 468 2198 562 2275; x_wconf 90' lang='lat' dir='ltr'>ipsum</span> <span class='ocrx_word' id='word_1_163' title='bbox 583 2198 718 2267; x_wconf 66' lang='lat' dir='ltr'>fundetis,</span> <span class='ocrx_word' id='word_1_164' title='bbox 731 2199 776 2256; x_wconf 85' lang='grc' dir='ltr'>ιιι</span> <span class='ocrx_word' id='word_1_165' title='bbox 790 2199 862 2258; x_wconf 78' lang='lat' dir='ltr'>soret</span> <span class='ocrx_word' id='word_1_166' title='bbox 874 2200 988 2268; x_wconf 87' lang='lat' dir='ltr'>invicta,</span> <span class='ocrx_word' id='word_1_167' title='bbox 1003 2198 1148 2259; x_wconf 84' lang='lat' dir='ltr'>Christus·</span> <span class='ocrx_word' id='word_1_168' title='bbox 1159 2201 1276 2278; x_wconf 85' lang='lat' dir='ltr'>perspi·</span> 
     </span>
     <span class='ocr_line' id='line_1_21' title="bbox 83 2293 1277 2375; baseline 0.003 -22"><span class='ocrx_word' id='word_1_169' title='bbox 83 2295 147 2353; x_wconf 82' lang='lat' dir='ltr'>suis</span> <span class='ocrx_word' id='word_1_170' title='bbox 162 2293 274 2353; x_wconf 87' lang='lat' dir='ltr'>tradidit</span> <span class='ocrx_word' id='word_1_171' title='bbox 285 2295 388 2362; x_wconf 90' lang='lat' dir='ltr'>verbis,</span> <span class='ocrx_word' id='word_1_172' title='bbox 401 2313 433 2353; x_wconf 91' lang='lat' dir='ltr'>se</span> <span class='ocrx_word' id='word_1_173' title='bbox 444 2295 514 2369; x_wconf 81' lang='lat' dir='ltr'>vade</span> <span class='ocrx_word' id='word_1_174' title='bbox 528 2294 602 2355; x_wconf 81' lang='lat' dir='ltr'>dato.</span> <span class='ocrx_word' id='word_1_175' title='bbox 635 2296 700 2354; x_wconf 88' lang='lat' dir='ltr'>Nee</span> <span class='ocrx_word' id='word_1_176' title='bbox 713 2295 813 2369; x_wconf 84' lang='lat' dir='ltr'>semel,</span> <span class='ocrx_word' id='word_1_177' title='bbox 824 2296 876 2367; x_wconf 86' lang='lat' dir='ltr'>sed</span> <span class='ocrx_word' id='word_1_178' title='bbox 889 2297 1000 2364; x_wconf 79' lang='lat' dir='ltr'>iterum,</span> <span class='ocrx_word' id='word_1_179' title='bbox 1012 2306 1164 2374; x_wconf 85' lang='lat' dir='ltr'>postquam</span> <span class='ocrx_word' id='word_1_180' title='bbox 1178 2300 1277 2375; x_wconf 78' lang='lat' dir='ltr'>Apos-</span> 
     </span>
     <span class='ocr_line' id='line_1_22' title="bbox 84 2392 1276 2473; baseline 0.006 -23"><span class='ocrx_word' id='word_1_181' title='bbox 84 2392 149 2450; x_wconf 90' lang='lat' dir='ltr'>tolis</span> <span class='ocrx_word' id='word_1_182' title='bbox 163 2393 295 2451; x_wconf 86' lang='lat' dir='ltr'>omnibus</span> <span class='ocrx_word' id='word_1_183' title='bbox 308 2392 497 2460; x_wconf 87' lang='lat' dir='ltr'>mandaverat,</span> <span class='ocrx_word' id='word_1_184' title='bbox 506 2404 539 2452; x_wconf 88' lang='lat' dir='ltr'>ut</span> <span class='ocrx_word' id='word_1_185' title='bbox 548 2413 598 2470; x_wconf 89' lang='lat' dir='ltr'>psr</span> <span class='ocrx_word' id='word_1_186' title='bbox 609 2404 707 2470; x_wconf 83' lang='lat' dir='ltr'>gentes</span> <span class='ocrx_word' id='word_1_187' title='bbox 715 2395 863 2453; x_wconf 84' lang='lat' dir='ltr'>universas</span> <span class='ocrx_word' id='word_1_188' title='bbox 875 2393 1058 2470; x_wconf 72' lang='lat' dir='ltr'>predicarent</span> <span class='ocrx_word' id='word_1_189' title='bbox 1067 2395 1276 2473; x_wconf 76' lang='lat' dir='ltr'>Evangelium,</span> 
     </span>
     <span class='ocr_line' id='line_1_23' title="bbox 84 2488 1275 2568; baseline 0.007 -22"><span class='ocrx_word' id='word_1_190' title='bbox 84 2507 116 2546; x_wconf 88' lang='lat' dir='ltr'>se</span> <span class='ocrx_word' id='word_1_191' title='bbox 127 2488 184 2551; x_wconf 85' lang='lat' dir='ltr'>illis</span> <span class='ocrx_word' id='word_1_192' title='bbox 198 2489 503 2566; x_wconf 86' lang='lat' dir='ltr'>perpetuoadfuturum</span> <span class='ocrx_word' id='word_1_193' title='bbox 514 2501 608 2550; x_wconf 88' lang='lat' dir='ltr'>sauote</span> <span class='ocrx_word' id='word_1_194' title='bbox 624 2489 766 2566; x_wconf 87' lang='lat' dir='ltr'>pollicitus</span> <span class='ocrx_word' id='word_1_195' title='bbox 777 2501 830 2548; x_wconf 86' lang='lat' dir='ltr'>est.</span> <span class='ocrx_word' id='word_1_196' title='bbox 860 2491 949 2550; x_wconf 85' lang='lat' dir='ltr'>Non</span> <span class='ocrx_word' id='word_1_197' title='bbox 941 2493 1026 2568; x_wconf 80' lang='lat' dir='ltr'>igitur</span> <span class='ocrx_word' id='word_1_198' title='bbox 1034 2493 1168 2568; x_wconf 85' lang='lat' dir='ltr'>jactantis</span> <span class='ocrx_word' id='word_1_199' title='bbox 1180 2512 1275 2564; x_wconf 86' lang='lat' dir='ltr'>more,</span> 
     </span>
     <span class='ocr_line' id='line_1_24' title="bbox 83 2581 1277 2669; baseline 0.008 -25"><span class='ocrx_word' id='word_1_200' title='bbox 83 2605 138 2644; x_wconf 91' lang='lat' dir='ltr'>nec</span> <span class='ocrx_word' id='word_1_201' title='bbox 151 2585 339 2663; x_wconf 86' lang='lat' dir='ltr'>conjiciendo,</span> <span class='ocrx_word' id='word_1_202' title='bbox 354 2586 405 2644; x_wconf 87' lang='lat' dir='ltr'>sed</span> <span class='ocrx_word' id='word_1_203' title='bbox 418 2587 501 2664; x_wconf 91' lang='lat' dir='ltr'>plena</span> <span class='ocrx_word' id='word_1_204' title='bbox 514 2606 551 2644; x_wconf 90' lang='lat' dir='ltr'>ex</span> <span class='ocrx_word' id='word_1_205' title='bbox 565 2586 682 2669; x_wconf 85' lang='lat' dir='ltr'>scientia</span> <span class='ocrx_word' id='word_1_206' title='bbox 694 2587 805 2648; x_wconf 83' lang='lat' dir='ltr'>locutus</span> <span class='ocrx_word' id='word_1_207' title='bbox 819 2600 880 2646; x_wconf 93' lang='grc' dir='ltr'>ιιι.</span> <span class='ocrx_word' id='word_1_208' title='bbox 902 2600 931 2646; x_wconf 89' lang='grc' dir='ltr'>ιι</span> <span class='ocrx_word' id='word_1_209' title='bbox 934 2581 1092 2661; x_wconf 90' lang='lat' dir='ltr'>quidem&#39;&#39;</span> <span class='ocrx_word' id='word_1_210' title='bbox 1074 2609 1118 2647; x_wconf 90' lang='grc' dir='ltr'>ιιι</span> <span class='ocrx_word' id='word_1_211' title='bbox 1115 2590 1155 2655; x_wconf 92' lang='lat' dir='ltr'>in</span> <span class='ocrx_word' id='word_1_212' title='bbox 1169 2601 1277 2653; x_wconf 77' lang='lat' dir='ltr'>rerum</span> 
     </span>
     <span class='ocr_line' id='line_1_25' title="bbox 83 2682 1275 2787; baseline 0.004 -46"><span class='ocrx_word' id='word_1_213' title='bbox 83 2682 247 2760; x_wconf 86' lang='lat' dir='ltr'>adjunctis</span> <span class='ocrx_word' id='word_1_214' title='bbox 239 2702 269 2741; x_wconf 92' lang='grc' dir='ltr'>ιιι</span> <span class='ocrx_word' id='word_1_215' title='bbox 284 2683 385 2756; x_wconf 89' lang='lat' dir='ltr'>quibus</span> <span class='ocrx_word' id='word_1_216' title='bbox 402 2683 478 2741; x_wconf 84' lang='lat' dir='ltr'>nulla</span> <span class='ocrx_word' id='word_1_217' title='bbox 490 2683 614 2741; x_wconf 90' lang='lat' dir='ltr'>humana</span> <span class='ocrx_word' id='word_1_218' title='bbox 628 2694 694 2758; x_wconf 84' lang='lat' dir='ltr'>spes</span> <span class='ocrx_word' id='word_1_219' title='bbox 712 2682 844 2760; x_wconf 84' lang='lat' dir='ltr'>fulgebat</span> <span class='ocrx_word' id='word_1_220' title='bbox 840 2687 984 2760; x_wconf 83' lang='lat' dir='ltr'>promissi</span> <span class='ocrx_word' id='word_1_221' title='bbox 976 2685 1181 2787; x_wconf 83' lang='lat' dir='ltr'>exequendi.</span> <span class='ocrx_word' id='word_1_222' title='bbox 1203 2707 1275 2747; x_wconf 81' lang='lat' dir='ltr'>raam</span> 
     </span>
     <span class='ocr_line' id='line_1_26' title="bbox 83 2779 1275 2872; baseline 0.003 -32"><span class='ocrx_word' id='word_1_223' title='bbox 83 2782 184 2841; x_wconf 87' lang='lat' dir='ltr'>Petrus</span> <span class='ocrx_word' id='word_1_224' title='bbox 199 2781 348 2853; x_wconf 73' lang='lat' dir='ltr'>ceterique</span> <span class='ocrx_word' id='word_1_225' title='bbox 363 2779 469 2838; x_wconf 87' lang='lat' dir='ltr'>debiles</span> <span class='ocrx_word' id='word_1_226' title='bbox 482 2781 609 2849; x_wconf 84' lang='lat' dir='ltr'>omnino</span> <span class='ocrx_word' id='word_1_227' title='bbox 614 2791 701 2848; x_wconf 82' lang='lat' dir='ltr'>erant,</span> <span class='ocrx_word' id='word_1_228' title='bbox 717 2779 828 2838; x_wconf 81' lang='lat' dir='ltr'>Christi</span> <span class='ocrx_word' id='word_1_229' title='bbox 841 2782 936 2845; x_wconf 75' lang='lat' dir='ltr'>hostes</span> <span class='ocrx_word' id='word_1_230' title='bbox 953 2794 1096 2872; x_wconf 82' lang='lat' dir='ltr'>potentes,</span> <span class='ocrx_word' id='word_1_231' title='bbox 1111 2800 1167 2840; x_wconf 87' lang='lat' dir='ltr'>nee</span> <span class='ocrx_word' id='word_1_232' title='bbox 1178 2783 1275 2843; x_wconf 82' lang='lat' dir='ltr'>uuum</span> 
     </span>
     <span class='ocr_line' id='line_1_27' title="bbox 83 2860 1275 2954; baseline 0.003 -19"><span class='ocrx_word' id='word_1_233' title='bbox 83 2877 240 2935; x_wconf 88' lang='lat' dir='ltr'>subsidium</span> <span class='ocrx_word' id='word_1_234' title='bbox 264 2888 368 2954; x_wconf 73' lang='lat' dir='ltr'>presto</span> <span class='ocrx_word' id='word_1_235' title='bbox 392 2888 451 2935; x_wconf 86' lang='lat' dir='ltr'>erat</span> <span class='ocrx_word' id='word_1_236' title='bbox 473 2895 530 2949; x_wconf 91' lang='lat' dir='ltr'>quo</span> <span class='ocrx_word' id='word_1_237' title='bbox 551 2877 694 2935; x_wconf 88' lang='lat' dir='ltr'>Ecclesia</span> <span class='ocrx_word' id='word_1_238' title='bbox 704 2888 886 2944; x_wconf 84' lang='lat' dir='ltr'>extrueretur,</span> <span class='ocrx_word' id='word_1_239' title='bbox 898 2860 989 2936; x_wconf 87' lang='lat' dir='ltr'>firma</span> <span class='ocrx_word' id='word_1_240' title='bbox 1013 2864 1083 2936; x_wconf 77' lang='lat' dir='ltr'>adeo</span> <span class='ocrx_word' id='word_1_241' title='bbox 1104 2896 1137 2935; x_wconf 84' lang='lat' dir='ltr'>ac</span> <span class='ocrx_word' id='word_1_242' title='bbox 1159 2880 1275 2938; x_wconf 84' lang='lat' dir='ltr'>munita</span> 
     </span>
     <span class='ocr_line' id='line_1_28' title="bbox 84 2974 1133 3071; baseline 0 -40"><span class='ocrx_word' id='word_1_243' title='bbox 84 2984 181 3031; x_wconf 90' lang='lat' dir='ltr'>contra</span> <span class='ocrx_word' id='word_1_244' title='bbox 194 2980 328 3041; x_wconf 82' lang='lat' dir='ltr'>terrenas</span> <span class='ocrx_word' id='word_1_245' title='bbox 332 2993 432 3032; x_wconf 90' lang='lat' dir='ltr'>omnes</span> <span class='ocrx_word' id='word_1_246' title='bbox 446 2984 607 3050; x_wconf 86' lang='lat' dir='ltr'>potestates,</span> <span class='ocrx_word' id='word_1_247' title='bbox 623 2975 742 3071; x_wconf 88' lang='lat' dir='ltr'>ipsaque</span> <span class='ocrx_word' id='word_1_248' title='bbox 756 2974 909 3033; x_wconf 85' lang='lat' dir='ltr'>inferorum</span> <span class='ocrx_word' id='word_1_249' title='bbox 923 2974 1053 3032; x_wconf 88' lang='lat' dir='ltr'>claustra.</span> <span class='ocrx_word' id='word_1_250' title='bbox 1130 2974 1133 2979; x_wconf 83' lang='grc'><strong>’</strong></span> 
     </span>
    </p>

    <p class='ocr_par' dir='ltr' id='par_1_6' title="bbox 83 3040 1285 3340">
     <span class='ocr_line' id='line_1_29' title="bbox 117 3040 1285 3149; baseline 0.008 -25"><span class='ocrx_word' id='word_1_251' title='bbox 117 3067 222 3146; x_wconf 77' lang='lat' dir='ltr'>ooj.</span> <span class='ocrx_word' id='word_1_252' title='bbox 208 3073 237 3126; x_wconf 80' lang='lat'>2.</span> <span class='ocrx_word' id='word_1_253' title='bbox 260 3068 330 3134; x_wconf 81' lang='lat' dir='ltr'>Quae</span> <span class='ocrx_word' id='word_1_254' title='bbox 344 3068 379 3126; x_wconf 91' lang='lat' dir='ltr'>de</span> <span class='ocrx_word' id='word_1_255' title='bbox 394 3069 503 3128; x_wconf 85' lang='lat' dir='ltr'>Christi</span> <span class='ocrx_word' id='word_1_256' title='bbox 522 3040 699 3136; x_wconf 82' lang='lat' dir='ltr'>cruciatibus,</span> <span class='ocrx_word' id='word_1_257' title='bbox 714 3064 813 3137; x_wconf 85' lang='lat' dir='ltr'>morte,</span> <span class='ocrx_word' id='word_1_258' title='bbox 828 3083 857 3128; x_wconf 90' lang='lat' dir='ltr'>st</span> <span class='ocrx_word' id='word_1_259' title='bbox 870 3070 1072 3129; x_wconf 87' lang='lat' dir='ltr'>resurrectione</span> <span class='ocrx_word' id='word_1_260' title='bbox 1094 3072 1156 3129; x_wconf 88' lang='lat' dir='ltr'>ab</span> <span class='ocrx_word' id='word_1_261' title='bbox 1147 3090 1217 3149; x_wconf 79' lang='lat' dir='ltr'>ipso</span> <span class='ocrx_word' id='word_1_262' title='bbox 1229 3092 1285 3143; x_wconf 73' lang='lat' dir='ltr'>re·¹</span> 
     </span>
     <span class='ocr_line' id='line_1_30' title="bbox 84 3162 1276 3248; baseline 0.007 -26"><span class='ocrx_word' id='word_1_263' title='bbox 84 3165 210 3223; x_wconf 81' lang='lat' dir='ltr'>feruntur</span> <span class='ocrx_word' id='word_1_264' title='bbox 224 3162 366 3240; x_wconf 75' lang='lat' dir='ltr'>predicta,</span> <span class='ocrx_word' id='word_1_265' title='bbox 380 3165 494 3221; x_wconf 91' lang='lat' dir='ltr'>nonnisi</span> <span class='ocrx_word' id='word_1_266' title='bbox 509 3176 573 3240; x_wconf 88' lang='lat' dir='ltr'>post</span> <span class='ocrx_word' id='word_1_267' title='bbox 586 3176 718 3227; x_wconf 84' lang='lat' dir='ltr'>eventum</span> <span class='ocrx_word' id='word_1_268' title='bbox 732 3166 838 3242; x_wconf 82' lang='lat' dir='ltr'>scripto</span> <span class='ocrx_word' id='word_1_269' title='bbox 852 3178 919 3225; x_wconf 88' lang='lat' dir='ltr'>sunt</span> <span class='ocrx_word' id='word_1_270' title='bbox 932 3169 1117 3244; x_wconf 78' lang='lat' dir='ltr'>consignata3</span> <span class='ocrx_word' id='word_1_271' title='bbox 1132 3178 1161 3225; x_wconf 90' lang='lat' dir='ltr'>et</span> <span class='ocrx_word' id='word_1_272' title='bbox 1174 3172 1276 3248; x_wconf 86' lang='lat' dir='ltr'>suspi-</span> 
     </span>
     <span class='ocr_line' id='line_1_31' title="bbox 83 3262 1067 3340; baseline 0 -18"><span class='ocrx_word' id='word_1_273' title='bbox 83 3264 161 3322; x_wconf 85' lang='lat' dir='ltr'>cient</span> <span class='ocrx_word' id='word_1_274' title='bbox 153 3262 331 3340; x_wconf 87' lang='lat' dir='ltr'>subjacent,</span> <span class='ocrx_word' id='word_1_275' title='bbox 347 3280 433 3334; x_wconf 90' lang='lat' dir='ltr'>quum</span> <span class='ocrx_word' id='word_1_276' title='bbox 448 3281 500 3319; x_wconf 90' lang='lat' dir='ltr'>nec</span> <span class='ocrx_word' id='word_1_277' title='bbox 515 3262 720 3338; x_wconf 82' lang='lat' dir='ltr'>ips1Apostoli</span> <span class='ocrx_word' id='word_1_278' title='bbox 728 3276 810 3320; x_wconf 87' lang='lat' dir='ltr'>antea</span> <span class='ocrx_word' id='word_1_279' title='bbox 823 3282 856 3321; x_wconf 85' lang='lat' dir='ltr'>ea</span> <span class='ocrx_word' id='word_1_280' title='bbox 870 3265 1067 3323; x_wconf 82' lang='lat' dir='ltr'>intellexerint.</span> 
     </span>
    </p>

    <p class='ocr_par' dir='ltr' id='par_1_7' title="bbox 28 3356 1286 4293">
     <span class='ocr_line' id='line_1_32' title="bbox 121 3356 1271 3438; baseline 0.004 -21"><span class='ocrx_word' id='word_1_281' title='bbox 121 3357 211 3438; x_wconf 80' lang='lat' dir='ltr'>Resp.</span> <span class='ocrx_word' id='word_1_282' title='bbox 236 3357 323 3416; x_wconf 88' lang='lat' dir='ltr'>Nulla</span> <span class='ocrx_word' id='word_1_283' title='bbox 336 3369 380 3414; x_wconf 92' lang='lat' dir='ltr'>est</span> <span class='ocrx_word' id='word_1_284' title='bbox 393 3358 462 3415; x_wconf 91' lang='lat' dir='ltr'>ratio</span> <span class='ocrx_word' id='word_1_285' title='bbox 479 3357 641 3434; x_wconf 86' lang='lat' dir='ltr'>suspicandi</span> <span class='ocrx_word' id='word_1_286' title='bbox 663 3356 790 3431; x_wconf 89' lang='lat' dir='ltr'>aliquid</span> <span class='ocrx_word' id='word_1_287' title='bbox 782 3379 812 3416; x_wconf 91' lang='grc' dir='ltr'>ιιι</span> <span class='ocrx_word' id='word_1_288' title='bbox 832 3361 867 3417; x_wconf 89' lang='grc' dir='ltr'>ιιι</span> <span class='ocrx_word' id='word_1_289' title='bbox 883 3360 1020 3419; x_wconf 82' lang='lat' dir='ltr'>vaticiniis</span> <span class='ocrx_word' id='word_1_290' title='bbox 1040 3362 1223 3421; x_wconf 87' lang='lat' dir='ltr'>immutatum</span> <span class='ocrx_word' id='word_1_291' title='bbox 1237 3375 1271 3422; x_wconf 94' lang='lat' dir='ltr'>ut</span> 
     </span>
     <span class='ocr_line' id='line_1_33' title="bbox 87 3454 1272 3541; baseline 0.005 -28"><span class='ocrx_word' id='word_1_292' title='bbox 87 3455 382 3514; x_wconf 87' lang='lat' dir='ltr'>accommodarentur</span> <span class='ocrx_word' id='word_1_293' title='bbox 395 3454 552 3521; x_wconf 76' lang='lat' dir='ltr'>eventibus,</span> <span class='ocrx_word' id='word_1_294' title='bbox 585 3455 705 3530; x_wconf 84' lang='lat' dir='ltr'>gravitas</span> <span class='ocrx_word' id='word_1_295' title='bbox 724 3456 833 3537; x_wconf 91' lang='lat' dir='ltr'>quippe</span> <span class='ocrx_word' id='word_1_296' title='bbox 855 3457 1095 3541; x_wconf 80' lang='lat' dir='ltr'>simplicitasque</span> <span class='ocrx_word' id='word_1_297' title='bbox 1100 3459 1272 3519; x_wconf 84' lang='lat' dir='ltr'>narrationis</span> 
     </span>
     <span class='ocr_line' id='line_1_34' title="bbox 84 3549 1271 3629; baseline 0.003 -19"><span class='ocrx_word' id='word_1_298' title='bbox 84 3551 152 3625; x_wconf 92' lang='lat' dir='ltr'>quid</span> <span class='ocrx_word' id='word_1_299' title='bbox 164 3553 228 3610; x_wconf 94' lang='lat' dir='ltr'>dolo</span> <span class='ocrx_word' id='word_1_300' title='bbox 241 3554 338 3609; x_wconf 86' lang='lat' dir='ltr'>fictum</span> <span class='ocrx_word' id='word_1_301' title='bbox 349 3549 473 3617; x_wconf 87' lang='lat' dir='ltr'>excludit</span> <span class='ocrx_word' id='word_1_302' title='bbox 483 3570 490 3618; x_wconf 90' lang='lat'>;</span> <span class='ocrx_word' id='word_1_303' title='bbox 502 3552 531 3608; x_wconf 91' lang='lat' dir='ltr'>ul</span> <span class='ocrx_word' id='word_1_304' title='bbox 542 3551 600 3608; x_wconf 91' lang='lat' dir='ltr'>nil&#39;</span> <span class='ocrx_word' id='word_1_305' title='bbox 593 3552 704 3609; x_wconf 82' lang='lat' dir='ltr'>interim</span> <span class='ocrx_word' id='word_1_306' title='bbox 716 3551 824 3623; x_wconf 80' lang='lat' dir='ltr'>dicatur</span> <span class='ocrx_word' id='word_1_307' title='bbox 834 3552 869 3617; x_wconf 92' lang='lat' dir='ltr'>de</span> <span class='ocrx_word' id='word_1_308' title='bbox 881 3554 1016 3629; x_wconf 88' lang='lat' dir='ltr'>probitate</span> <span class='ocrx_word' id='word_1_309' title='bbox 1026 3554 1145 3626; x_wconf 87' lang='lat' dir='ltr'>aliisque</span> <span class='ocrx_word' id='word_1_310' title='bbox 1154 3554 1271 3616; x_wconf 87' lang='lat' dir='ltr'>dotibus</span> 
     </span>
     <span class='ocr_line' id='line_1_35' title="bbox 80 3648 1273 3728; baseline 0.003 -22"><span class='ocrx_word' id='word_1_311' title='bbox 80 3650 264 3726; x_wconf 76' lang='lat' dir='ltr'>scriptorum,</span> <span class='ocrx_word' id='word_1_312' title='bbox 278 3648 443 3721; x_wconf 79' lang='lat' dir='ltr'>caeterisque</span> <span class='ocrx_word' id='word_1_313' title='bbox 457 3648 558 3720; x_wconf 90' lang='lat' dir='ltr'>quibus</span> <span class='ocrx_word' id='word_1_314' title='bbox 568 3649 629 3724; x_wconf 86' lang='lat' dir='ltr'>jam</span> <span class='ocrx_word' id='word_1_315' title='bbox 645 3664 772 3713; x_wconf 81' lang='lat' dir='ltr'>veracem</span> <span class='ocrx_word' id='word_1_316' title='bbox 789 3649 935 3706; x_wconf 87' lang='lat' dir='ltr'>historiam</span> <span class='ocrx_word' id='word_1_317' title='bbox 951 3650 1154 3726; x_wconf 83' lang='lat' dir='ltr'>Evangelicam</span> <span class='ocrx_word' id='word_1_318' title='bbox 1168 3654 1273 3728; x_wconf 82' lang='lat' dir='ltr'>proba·</span> 
     </span>
     <span class='ocr_line' id='line_1_36' title="bbox 28 3742 1269 3828; baseline 0.002 -25"><span class='ocrx_word' id='word_1_319' title='bbox 28 3816 33 3821; x_wconf 32' lang='lat'>,</span> <span class='ocrx_word' id='word_1_320' title='bbox 84 3746 187 3803; x_wconf 85' lang='lat' dir='ltr'>vimus.</span> <span class='ocrx_word' id='word_1_321' title='bbox 228 3744 313 3810; x_wconf 85' lang='lat' dir='ltr'>Quod</span> <span class='ocrx_word' id='word_1_322' title='bbox 327 3757 426 3828; x_wconf 84' lang='lat' dir='ltr'>autem</span> <span class='ocrx_word' id='word_1_323' title='bbox 447 3745 577 3819; x_wconf 78' lang='lat' dir='ltr'>Apostoli</span> <span class='ocrx_word' id='word_1_324' title='bbox 597 3751 654 3803; x_wconf 87' lang='lat' dir='ltr'>non</span> <span class='ocrx_word' id='word_1_325' title='bbox 675 3745 759 3821; x_wconf 91' lang='lat' dir='ltr'>plene</span> <span class='ocrx_word' id='word_1_326' title='bbox 779 3742 1044 3818; x_wconf 84' lang='lat' dir='ltr'>intellexerint&#39;qure</span> <span class='ocrx_word' id='word_1_327' title='bbox 1064 3745 1100 3803; x_wconf 92' lang='lat' dir='ltr'>de</span> <span class='ocrx_word' id='word_1_328' title='bbox 1120 3746 1167 3807; x_wconf 82' lang='lat' dir='ltr'>his</span> <span class='ocrx_word' id='word_1_329' title='bbox 1180 3748 1269 3809; x_wconf 86' lang='lat' dir='ltr'>rebus</span> 
     </span>
     <span class='ocr_line' id='line_1_37' title="bbox 84 3837 1286 3922; baseline 0.003 -21"><span class='ocrx_word' id='word_1_330' title='bbox 84 3843 193 3901; x_wconf 86' lang='lat' dir='ltr'>dixerat</span> <span class='ocrx_word' id='word_1_331' title='bbox 206 3841 348 3910; x_wconf 85' lang='lat' dir='ltr'>Christus,</span> <span class='ocrx_word' id='word_1_332' title='bbox 361 3837 520 3902; x_wconf 86' lang='lat' dir='ltr'>factumest</span> <span class='ocrx_word' id='word_1_333' title='bbox 532 3838 615 3900; x_wconf 59' lang='lat' dir='ltr'>cx‘eo</span> <span class='ocrx_word' id='word_1_334' title='bbox 627 3842 703 3914; x_wconf 90' lang='lat' dir='ltr'>quod</span> <span class='ocrx_word' id='word_1_335' title='bbox 717 3844 844 3920; x_wconf 84' lang='lat' dir='ltr'>plerique</span> <span class='ocrx_word' id='word_1_336' title='bbox 856 3863 908 3902; x_wconf 89' lang='lat' dir='ltr'>neo</span> <span class='ocrx_word' id='word_1_337' title='bbox 919 3842 1057 3903; x_wconf 78' lang='lat' dir='ltr'>erumnas</span> <span class='ocrx_word' id='word_1_338' title='bbox 1071 3845 1269 3922; x_wconf 85' lang='lat' dir='ltr'>gravissimas,</span> <span class='ocrx_word' id='word_1_339' title='bbox 1282 3872 1286 3879; x_wconf 90' lang='lat'><em>·</em></span> 
     </span>
     <span class='ocr_line' id='line_1_38' title="bbox 83 3938 1270 4019; baseline 0.004 -20"><span class='ocrx_word' id='word_1_340' title='bbox 83 3959 136 3999; x_wconf 86' lang='lat' dir='ltr'>nec</span> <span class='ocrx_word' id='word_1_341' title='bbox 151 3958 253 4015; x_wconf 90' lang='lat' dir='ltr'>eorpus</span> <span class='ocrx_word' id='word_1_342' title='bbox 275 3938 508 4004; x_wconf 84' lang='lat' dir='ltr'>resuscitandum,</span> <span class='ocrx_word' id='word_1_343' title='bbox 523 3939 661 4013; x_wconf 88' lang='lat' dir='ltr'>ullatenus</span> <span class='ocrx_word' id='word_1_344' title='bbox 666 3943 869 4019; x_wconf 65' lang='lat' dir='ltr'>cogitaverint}</span> <span class='ocrx_word' id='word_1_345' title='bbox 879 3942 1009 4018; x_wconf 88' lang='lat' dir='ltr'>proinde</span> <span class='ocrx_word' id='word_1_346' title='bbox 1024 3960 1105 4015; x_wconf 77' lang='lat' dir='ltr'>quie</span> <span class='ocrx_word' id='word_1_347' title='bbox 1100 3940 1270 4004; x_wconf 84' lang='lat' dir='ltr'>dicebantur</span> 
     </span>
     <span class='ocr_line' id='line_1_39' title="bbox 83 4022 1270 4132; baseline 0.004 -35"><span class='ocrx_word' id='word_1_348' title='bbox 83 4040 202 4097; x_wconf 88' lang='lat' dir='ltr'>obseura</span> <span class='ocrx_word' id='word_1_349' title='bbox 224 4022 395 4103; x_wconf 86' lang='lat' dir='ltr'>videbantur,</span> <span class='ocrx_word' id='word_1_350' title='bbox 411 4048 513 4094; x_wconf 85' lang='lat' dir='ltr'>eventu</span> <span class='ocrx_word' id='word_1_351' title='bbox 535 4037 681 4113; x_wconf 87' lang='lat' dir='ltr'>deinceps</span> <span class='ocrx_word' id='word_1_352' title='bbox 690 4039 833 4097; x_wconf 86' lang='lat' dir='ltr'>illustrata.</span> <span class='ocrx_word' id='word_1_353' title='bbox 875 4039 1020 4098; x_wconf 85' lang='lat' dir='ltr'>Caeterum</span> <span class='ocrx_word' id='word_1_354' title='bbox 1042 4038 1144 4099; x_wconf 86' lang='lat' dir='ltr'>Petrus</span> <span class='ocrx_word' id='word_1_355' title='bbox 1165 4032 1270 4132; x_wconf 82' lang='lat' dir='ltr'>saltem</span> 
     </span>
     <span class='ocr_line' id='line_1_40' title="bbox 83 4135 1268 4210; baseline 0.004 -15"><span class='ocrx_word' id='word_1_356' title='bbox 83 4136 221 4195; x_wconf 80' lang='lat' dir='ltr'>intellexit</span> <span class='ocrx_word' id='word_1_357' title='bbox 234 4153 303 4191; x_wconf 87' lang='lat' dir='ltr'>eum</span> <span class='ocrx_word' id='word_1_358' title='bbox 320 4135 353 4191; x_wconf 90' lang='lat' dir='ltr'>de</span> <span class='ocrx_word' id='word_1_359' title='bbox 375 4136 542 4192; x_wconf 86' lang='lat' dir='ltr'>eruciatibus</span> <span class='ocrx_word' id='word_1_360' title='bbox 562 4145 590 4192; x_wconf 88' lang='lat' dir='ltr'>et</span> <span class='ocrx_word' id='word_1_361' title='bbox 609 4148 697 4193; x_wconf 92' lang='lat' dir='ltr'>morte</span> <span class='ocrx_word' id='word_1_362' title='bbox 717 4137 806 4210; x_wconf 85' lang='lat' dir='ltr'>loqui,</span> <span class='ocrx_word' id='word_1_363' title='bbox 820 4157 887 4195; x_wconf 88' lang='lat' dir='ltr'>nam</span> <span class='ocrx_word' id='word_1_364' title='bbox 908 4138 1066 4197; x_wconf 75' lang='lat' dir='ltr'>dicebatt‘</span> <span class='ocrx_word' id='word_1_365' title='bbox 1070 4139 1171 4196; x_wconf 70' lang='lat' dir='ltr'>‘Absit</span> <span class='ocrx_word' id='word_1_366' title='bbox 1190 4159 1208 4198; x_wconf 80' lang='lat' dir='ltr'>a</span> <span class='ocrx_word' id='word_1_367' title='bbox 1229 4152 1268 4210; x_wconf 90' lang='lat' dir='ltr'>te</span> 
     </span>
     <span class='ocr_line' id='line_1_41' title="bbox 84 4232 426 4293; baseline -0.009 0"><span class='ocrx_word' id='word_1_368' title='bbox 84 4232 229 4293; x_wconf 62' lang='lat' dir='ltr'>Domine!</span> <span class='ocrx_word' id='word_1_369' title='bbox 233 4232 255 4266; x_wconf 77' lang='lat'>’⁸</span> <span class='ocrx_word' id='word_1_370' title='bbox 422 4237 426 4244; x_wconf 88' lang='lat'>&#39;</span> 
     </span>
    </p>
   </div>
   <div class='ocr_carea' id='block_1_3' title="bbox 92 4329 1266 4415">
    <p class='ocr_par' dir='ltr' id='par_1_8' title="bbox 92 4329 1266 4415">
     <span class='ocr_line' id='line_1_42' title="bbox 92 4329 1266 4415; baseline 0.005 -25.184"><span class='ocrx_word' id='word_1_371' title='bbox 92 4332 193 4411; x_wconf 75' lang='lat' dir='ltr'>obj.</span> <span class='ocrx_word' id='word_1_372' title='bbox 209 4336 236 4388; x_wconf 83' lang='lat'>3.</span> <span class='ocrx_word' id='word_1_373' title='bbox 261 4329 304 4386; x_wconf 81' lang='lat' dir='ltr'>lle</span> <span class='ocrx_word' id='word_1_374' title='bbox 325 4329 422 4387; x_wconf 89' lang='lat' dir='ltr'>mundi</span> <span class='ocrx_word' id='word_1_375' title='bbox 443 4332 523 4389; x_wconf 88' lang='lat' dir='ltr'>ruina</span> <span class='ocrx_word' id='word_1_376' title='bbox 543 4332 684 4410; x_wconf 83' lang='lat' dir='ltr'>explicant</span> <span class='ocrx_word' id='word_1_377' title='bbox 704 4333 830 4409; x_wconf 88' lang='lat' dir='ltr'>plerique</span> <span class='ocrx_word' id='word_1_378' title='bbox 852 4354 914 4408; x_wconf 75' lang='lat' dir='ltr'>quie</span> <span class='ocrx_word' id='word_1_379' title='bbox 935 4335 970 4395; x_wconf 81' lang='lat' dir='ltr'>ad</span> <span class='ocrx_word' id='word_1_380' title='bbox 995 4334 1266 4415; x_wconf 76' lang='lat' dir='ltr'>Hierosolymorum</span> 
     </span>
    </p>
   </div>
   <div class='ocr_carea' id='block_1_4' title="bbox 192 4559 1056 4629">
    <p class='ocr_par' dir='ltr' id='par_1_9' title="bbox 192 4559 1056 4629">
     <span class='ocr_line' id='line_1_43' title="bbox 192 4559 1056 4629; baseline 0.01 -23"><span class='ocrx_word' id='word_1_381' title='bbox 192 4624 195 4629; x_wconf 29' lang='grc' dir='ltr'>Ι</span> <span class='ocrx_word' id='word_1_382' title='bbox 271 4561 306 4623; x_wconf 90' lang='lat' dir='ltr'>(l)</span> <span class='ocrx_word' id='word_1_383' title='bbox 323 4559 445 4608; x_wconf 77' lang='lat' dir='ltr'>Joan.10.</span> <span class='ocrx_word' id='word_1_384' title='bbox 458 4561 494 4608; x_wconf 82' lang='lat'>18.</span> <span class='ocrx_word' id='word_1_385' title='bbox 830 4566 865 4625; x_wconf 79' lang='lat'>(2)</span> <span class='ocrx_word' id='word_1_386' title='bbox 884 4565 945 4615; x_wconf 81' lang='lat' dir='ltr'>Met.</span> <span class='ocrx_word' id='word_1_387' title='bbox 956 4566 1004 4614; x_wconf 79' lang='lat' dir='ltr'>xvi.</span> <span class='ocrx_word' id='word_1_388' title='bbox 1015 4565 1056 4614; x_wconf 75' lang='lat'>22.</span> 
     </span>
    </p>
   </div>
   <div class='ocr_carea' id='block_1_5' title="bbox 0 0 1374 5032">
    <p class='ocr_par' dir='ltr' id='par_1_10' title="bbox 0 0 1374 5032">
     <span class='ocr_line' id='line_1_44' title="bbox 0 0 1374 5032; baseline 0 0"><span class='ocrx_word' id='word_1_389' title='bbox 0 0 1374 5032; x_wconf 95' lang='lat' dir='ltr'> </span> 
     </span>
    </p>
   </div>
  </div>
 </body>
</html>
