2738 5032
85 292 145 351 bt!
358 290 418 353 DE
446 284 697 353 POTESTA'OE
716 282 1055 355 EGGLEQIASTIGA.

124 450 179 509 lll.
201 450 340 509 Ecclesia!
349 450 491 509 Praesules
499 451 588 510 libero
602 451 743 528 plenoque
752 452 827 530 jure,
838 455 921 531 Juxta
932 453 1071 513 Eoetsnae
1081 453 1174 532 ipsius
1188 472 1264 514 sano·

85 549 188 616 tiones,
213 549 273 606 suis
297 548 378 626 iringi
402 544 565 607 muneribus
588 548 701 617 debent,
722 550 792 623 quin
815 550 1130 629 impedianturalaiois
1148 550 1266 627 ‘quibus'

84 665 218 719 comque.
1029 670 1032 677 ·

124 743 244 801 limites
255 743 401 817 utriusque
413 744 568 820 potestatis,
578 744 669 802 civilis
678 756 707 803 et
720 744 939 814 Ecclesiastioae‚
951 758 1010 804 non
1023 758 1140 823 semper
1150 746 1266 806 feliciter

84 851 150 899 sunt
163 839 311 916 designati.
353 840 480 900 Fuerunt
492 860 541 914 qur
534 841 681 900 dicerent
695 853 817 901 rectores
831 843 930 901 civiles
943 843 1119 920 corporibus,
1131 844 1267 920 presules

79 936 230 998 ‘animabus
254 940 411 1016 imperare3
443 939 521 1012 quod
544 950 638 998 tamen
658 939 733 999 haud
746 940 881 1000 idoneum
901 951 945 999 est
965 934 1129 1010 discrimen,
1150 948 1267 1015 utraque

83 1034 160 1094 enim
175 1046 300 1112 potestas
314 1035 446 1095 homines
461 1035 545 1093 habet
557 1034 696 1104 subditos,
711 1045 740 1094 et
753 1037 881 1110 quamvis
892 1036 984 1096 civilis
998 1038 1149 1096 aucwritas
1160 1036 1267 1115 agenda

82 1136 256 1213 praescnbat,
266 1135 411 1197 de'animo
431 1154 489 1208 qno
502 1135 571 1193 fiant
581 1134 683 1211 parurn
697 1122 816 1205 solicita,
829 1145 902 1195 totus
916 1146 1010 1219 tamen
1021 1130 1112 1195 bomo
1127 1142 1266 1214 praeoeptd

78 1233 194 1313 ligatur,
206 1245 322 1312 propter
343 1233 545 1292 conscientiam
566 1233 653 1301 enim,
669 1243 697 1290 et
710 1252 767 1291 non
782 1244 888 1292 tantum
908 1230 1162 1312 formidinepoe'nae
1185 1234 1267 1293 debet

82 1350 175 1410 agere.
217 1333 288 1400 (ιιι
310 1331 346 1389 ad
360 1332 488 1390 ordinem
503 1331 677 1404 salutemque
692 1332 834 1408 publicam
858 1348 972 1405 quoquo
996 1331 1084 1391 modo
1109 1330 1266 1392 conducant

83 1449 100 1488 a
112 1430 257 1491 nonnullis
278 1428 356 1487 civili
367 1428 523 1486 auctoritati
537 1427 731 1486 vindicantur:
754 1448 816 1502 quae
830 1428 865 1489 bd
876 1420 1006 1498 salutem,
1026 1420 1169 1488 Ecclesia
1182 1430 1263 1491 relin-

83 1537 224 1600 quuntur;
240 1526 290 1583 sed
304 1544 375 1603 vaga
386 1526 471 1583 nimis
481 1536 523 1582 est
532 1525 685 1594 distinctio,
697 1514 830 1604 pleraque
844 1519 922 1609 enim
935 1537 1054 1604 possent
1066 1526 1103 1585 ad
1116 1538 1265 1602 utrumque

80 1622 169 1681 finem
190 1622 283 1696 aliqua
302 1623 414 1680 ratione
430 1624 537 1682 referri.
590 1623 687 1681 Placet
706 1624 791 1701 igitur
803 1641 837 1680 ea
850 1613 941 1681 civilis
957 1624 1129 1682 auctoritatis
1144 1634 1264 1701 spartam

73 1739 143 1779 ¹osse
154 1721 330 1798 legitimatus
336 1740 401 1795 quae
415 1719 506 1781 direct
494 1727 522 1778 te
536 1720 675 1798 pertinent
689 1718 724 1776 a'd
745 1719 873 1779 ordinem
887 1721 1043 1798 publicum,
1059 1731 1088 1780 et
1101 1721 1264 1799 reipublicae

79 1816 237 1894 profectum
249 1836 282 1876 ea
297 1814 436 1876 Ecclesia
451 1817 564 1893 subjici,
581 1835 643 1888 quar
658 1813 764 1872 directe
778 1817 878 1873 animm
892 1817 1012 1875 salutern
1026 1814 1189 1894 respiciunt.

119 1914 153 1975 ln
168 1914 326 1992 Republica
339 1926 435 1974 nostra
447 1912 580 1973 Ecclesia
593 1915 678 1992 plena
691 1907 793 2005 gaudet
805 1914 953 1972 libertate'
945 1932 975 2002 ιιι
989 1912 1185 1992 praedicatione
1197 1913 1262 1974 doo-

77 2013 169 2084 trinae,
185 2015 321 2074 exercitio
342 2016 456 2092 publico
476 2014 578 2083 cultus,
593 2010 788 2092 designatione
801 2023 945 2111 pastorum
959 1996 987 2071 et
1001 2010 1170 2084 Praesulum,
1182 2025 1211 2072 et
1221 2015 1264 2074 lit·

77 2123 200 2171 terarum
214 2112 386 2170 commercio
406 2110 480 2189 apud
495 2110 592 2170 sedem
614 2109 826 2188 Δροιιιιιιιιιιι·
848 2089 1019 2187 principium
1033 2111 1111 2169 enim
1125 2120 1172 2169 'est
1191 2104 1263 2189 apud

78 2228 179 2268 omnes
201 2208 379 2286 exploratum
404 2208 517 2267 'civilem
538 2219 706 2287 potestatem
727 2207 798 2266 nihil
819 2224 905 2299 posse
925 2208 955 2265 ln
969 2192 1015 2265 lii's
1030 2224 1094 2281 quse
1109 2206 1265 2287 spiritualla

79 2316 162 2365 sunt:
190 2305 267 2380 quod
290 2306 417 2365 utinam!
443 2309 557 2383 semper
570 2304 758 2381 intelligerent
771 2304 915 2382 principes
935 2312 964 2362 et
983 2304 1140 2381 republioae
1154 2318 1263 2374 omnes,

78 2402 181 2474 quibus
202 2403 374 2479 principium
388 2403 463 2461 idern
481 2402 650 2480 jactantibus
665 2401 770 2477 saepius
785 2401 902 2478 contigit
914 2401 1035 2479 negotiis
1050 2398 1264 2460 Ecclesiastioid

77 2517 142 2555 sese
165 2498 336 2555 immiscere.
390 2499 461 2557 Jura
485 2516 564 2555 sacra
578 2498 761 2555 conscientie
779 2497 862 2555 etiam
885 2498 1085 2558 constitutione
1099 2498 1188 2578 hujus
1202 2516 1262 2577 pro·

67 2595 186 2663 ninom,
201 2613 259 2653 seu
270 2590 384 2662 Statue,
399 2603 556 2681 sartatecta
569 2599 738 2655 servantur²
778 2592 963 2660 Caeterum
937 2613 987 2655 ιιι
979 2590 1057 2654 ulla
1071 2607 1265 2674 agnoscuntur

75 2686 148 2753 Ειιι
149 2692 215 2752 esiae
236 2692 282 2751 vel
302 2672 567 2751 Ecclesiastioorum
589 2694 716 2769 virorum
728 2680 899 2770 priuilegia,⁹
912 2690 984 2751 sed
978 2681 1108 2785 pe'r'sortae
1122 2713 1223 2754 omnes
1236 2688 1264 2753 'ei

63 2790 150 2873 *bona
170 2780 373 2849 Ecclesiastica
386 2789 470 2848 curin
484 2788 560 2847 civili
575 2789 770 2866 subjiciuntur.
813 2789 846 2849 lu
860 2780 1003 2885 plerisqpe
1017 2791 1173 2867 provinciis
1188 2784 1264 2851 Min

75 2887 137 2946 istri
151 2889 322 2962 quicumque
337 2899 486 2956 sectarum,
501 2888 574 2944 sicut
587 2879 783 2945 Ecclesiastici
797 2895 916 2956 omnes,'
922 2906 939 2945 s
952 2866 1082 2946 civilibus
1096 2890 1263 2951 muneribus

74 2984 275 3054 excluduntur,
288 2964 426 3059 quamdiu
438 2971 595 3044 ministerio
617 2968 720 3043 addicti
735 2988 874 3043 manent.⁸
968 2980 971 2985 ’

113 3080 267 3158 Privilegia
282 3082 403 3158 juraque
417 3083 447 3139 in
461 3083 607 3159 plerisque,
627 3069 783 3139 Catholicis
797 3081 960 3159 regionibus
974 3082 1043 3147 olim
1057 3084 1155 3161 agnita
1163 3084 1262 3144 'recen-

73 3199 137 3240 sere
148 3179 197 3238 vix
206 3179 307 3258 juvat:
330 3197 363 3236 ea
376 3188 470 3238 tamen
484 3180 597 3255 penitus
611 3177 756 3255 ignorasse
771 3176 953 3258 Theologum
963 3198 1022 3255 non
1036 3178 1129 3240 decet.
1148 3228 1150 3233 .
1164 3164 1262 3241 Eccle-

73 3277 181 3338 siastici
202 3277 255 3337 viri
276 3276 416 3353 imprimis
430 3275 517 3335 curiae
531 3274 698 3352 Episcopali
710 3273 829 3350 subjecti
843 3260 918 3346 sunt,
932 3266 1033 3350 in'qua
1043 3276 1080 3335 de
1094 3277 1261 3351 criminibus

63 3364 216 3457 ¹agebatur,
231 3376 329 3449 reique
343 3373 472 3452 capitalis
494 3360 605 3443 delictit
615 3376 720 3452 previa
730 3373 938 3458 degradatione,
953 3374 1134 3435 tradebantur
1146 3375 1262 3435 brachiu

72 3475 213 3542 osculari,
227 3484 259 3533 ut
271 3473 383 3550 legibus
398 3472 469 3529 sads
480 3468 570 3531 tieret.
611 3473 694 3533 Bona
706 3475 909 3536 Ecclesiastico
920 3474 1088 3552 plerumque
1102 3473 1262 3558 gaudebant

73 3568 412 3648 exemptioneapublrcrs
421 3570 580 3640 oneribus,
589 3582 711 3631 attamen
721 3589 808 3648 quum
818 3592 855 3633 ex
871 3571 1121 3630 constitutionibus
1132 3588 1258 3631 omnium

72 3666 131 3725 sere
142 3667 266 3746 Europae
281 3684 442 3746 regnorum,
452 3687 505 3729 neo
515 3656 651 3757 regibus
643 3671 714 3751 ipsis
725 3670 795 3729 olrm
803 3661 900 3729 liceret
913 3650 1023 3728 tributis
1037 3674 1155 3749 gravare
1167 3640 1259 3728 subdi·

72 3775 127 3833 tos,
140 3766 189 3822 sed
210 3784 310 3824 omnes
325 3767 429 3826 civium
443 3765 568 3852 ordines,
576 3787 634 3845 pro
647 3768 707 3826 suis
722 3769 835 3846 opibus,
850 3768 939 3847 rogati
953 3766 1123 3837 conferrent,
1140 3786 1258 3827 consue·

71 3873 172 3922 verunt
192 3865 388 3923 Ecclesiastioi
407 3865 513 3942 regiam
535 3867 689 3942 praeuenire
702 3867 909 3935 voluntatems
896 3886 931 3926 ιιι
945 3846 1067 3944 publicis
1081 3850 1257 3927 necessitati·

72 3963 136 4031 bus,
150 3972 179 4020 et
192 3961 353 4059 donationis
373 3965 489 4022 nomine
503 3983 605 4043 magna
616 3965 743 4024 conferre
756 3966 894 4057 subsidia.
1005 3972 1008 3977 '

43 4119 311 4184 (l)Declrration
328 4122 358 4172 of
367 4123 455 4188 rights
466 4121 552 4172 Seot.'
545 4121 581 4170 rii.
630 4172 632 4176 Α
1093 4158 1096 4163 .

26 4194 36 4265 ξ’
103 4203 166 4267 (2)“
173 4203 246 4268 They
258 4207 482 4271 arceremptfrom
499 4206 609 4272 military
620 4204 690 4272 duty
700 4192 749 4279 and
765 4206 827 4257 frorn
839 4205 953 4272 working
964 4222 1000 4256 on
1012 4208 1102 4261 roads.
1126 4211 1174 4243 Η
1191 4205 1209 4243 ι
1227 4207 1255 4288 ln

70 4295 135 4341 most
154 4288 223 4347 other
240 4295 347 4351 respecta
369 4291 409 4340 the
424 4291 471 4343 law
492 4291 578 4341 maltes
588 4308 622 4341 no
637 4270 778 4351 distinction
790 4294 899 4345 between
911 4292 978 4343 them
991 4293 1039 4342 and
1051 4292 1121 4343 other
1132 4293 1254 4353 citizens

69 4370 375 4438 cuinyſtrtttackstonet
389 4373 410 4422 l.
421 4374 460 4423 oh.
471 4375 504 4424 xi.
516 4376 605 4425 notel.
676 4368 678 4373 ’

103 4455 139 4518 (3)
151 4456 213 4505 Vide
229 4454 396 4505 constitution
408 4456 505 4506 ofNew
518 4456 598 4518 York‚
610 4435 748 4532 Βιιιιιιιιι,
742 4416 903 4533 Kontuolty,
915 4459 964 4509 dec.
976 4460 1025 4513 &o

101 4537 138 4600 (ι)
155 4538 297 4603 Aliquando
315 4537 431 4597 Ecclesiae
449 4539 504 4605 lego
515 4541 657 4594 eximuntur
675 4560 692 4593 a
701 4519 824 4597 consuetis
835 4543 957 4605 oneribus,
968 4559 1031 4609 qus
1035 4551 1082 4594 tus
1091 4545 1192 4597 nomine
1211 4560 1247 4594 ve·

69 4622 152 4682 ιιιιιιιιι
167 4620 248 4686 quod
242 4637 266 4671 ιιι
279 4621 325 4672 hoc
338 4629 404 4686 stetu
416 4623 547 4688 contingit.
