2738 5032
391 259 447 319 DE
468 208 687 320 EOELESIAE
706 259 985 322 saNc'rl'uau’E.
1224 264 1280 323 tut

98 416 184 484 Quod
208 428 301 477 autem
324 418 392 477 Sedi
414 420 586 496 Apostolice
608 421 642 477 ab
665 418 818 477 Alexandri
841 419 894 479 111.
920 420 1094 499 temporibus
1118 430 1279 479 sanctorum
1301 432 1306 444 ¹

98 516 263 574 solemniter
284 518 313 574 in
328 517 421 582 album
444 517 653 575 referendorum
676 517 825 575 auctoritas
850 518 887 575 sit
908 528 1056 586 reservata,
1078 537 1135 577 non
1156 517 1279 578 ostendit

99 631 196 693 eorum
212 614 261 686 qui
273 612 351 689 prius
362 615 525 672 colebantur
538 615 691 671 sanctitatis
707 615 833 671 notitiam
848 633 884 671 ex
903 616 1007 672 incerta
1026 616 1101 672 sama
1114 615 1278 673 derivatam.

98 694 165 766 Ja'm
176 708 303 766 loannes
315 709 381 767 XV.
392 711 422 767 in
435 709 566 785 Concilio
577 709 759 769 Lateranensi
770 728 844 769 anno
855 713 913 768 993
925 710 1088 769 Udalricum
1101 709 1279 788 Episcopum

100 801 301 880 Augustannm
322 806 486 863 solemniter
504 815 633 862 sanctum
652 804 852 873 declaraverat.
893 807 1053 879 Antequam
1067 816 1160 864 autem
1175 807 1279 865 Sancta

99 900 203 958 Sedes¹
211 901 259 977 jus
281 901 350 959 illu'd
369 902 562 975 reservaverit,
576 901 610 959 ad
632 903 768 980 majorem
785 903 816 960 in
835 921 865 960 re
886 904 954 961 tanti
974 903 1111 962 momenti
1131 904 1279 971 mustelam,

95 998 291 1079 ,Metropolitae
306 1004 460 1076 presertim
473 1016 555 1059 suam
575 996 743 1059 exercebant
760 1001 943 1078 diligentiam,
958 1012 987 1059 et
1000 1020 1051 1060 sua
1064 998 1225 1061 ιιιιοιιιιιι
1246 1001 1279 1063 ιι·

100 1095 178 1154 deles
202 1096 238 1153 de
259 1097 313 1154 viri
332 1098 422 1154 sancti
444 1099 544 1155 virtute
565 1098 698 1155 certiores
719 1098 871 1156 faciebant:
899 1097 974 1171 quod
996 1098 1030 1161 ab
1052 1098 1278 1176 Archiepiscopo

100 1190 242 1250 Rhodano
255 1211 300 1250 au
317 1197 391 1251 1163
406 1193 487 1250 deS.
509 1193 654 1250 Gualterio
678 1173 794 1257 factum
804 1194 946 1251 novimus.
988 1192 1175 1271 invigilabant
1193 1195 1279 1253 etiam

100 1288 240 1365 Episcopi
254 1289 380 1367 singuli
373 1308 402 1347 m
417 1290 475 1346 suia
490 1289 658 1348 diaecesibus
672 1308 707 1347 ne
728 1289 850 1366 populus
865 1289 1044 1348 Christianus
1065 1290 1165 1348 leviter
1183 1288 1219 1347 ad
1233 1308 1280 1347 co·

78 1434 81 1441 .
99 1386 215 1445 landum
229 1388 304 1445 viros
319 1387 410 1445 dubiae
424 1387 533 1445 virtutis
547 1388 722 1445 laberentur}
739 1384 814 1465 quod
828 1407 845 1445 a
858 1388 890 1447 S.
911 1388 1049 1447 Anselmo
1070 1387 1189 1462 ubisque
1210 1405 1282 1464 prte-

100 1486 197 1543 stitnm
212 1484 352 1543 ιιιιιιιι.1
392 1483 476 1551 Quod
490 1485 515 1542 si
528 1503 565 1545 ex
579 1485 678 1561 populi
692 1486 889 1562 superstitione
903 1497 932 1545 et
947 1485 1057 1564 judicio
1071 1485 1220 1565 precipiti,
1234 1485 1280 1543 vel

99 1583 185 1642 etiarn
200 1602 237 1641 ex
250 1582 458 1641 Monachorum
470 1582 562 1660 culpa,
574 1583 619 1640 vel
633 1583 786 1658 praesulum
794 1583 935 1651 socordia,
949 1585 1055 1658 aliquis
1070 1587 1161 1643 sancti
1173 1602 1280 1644 nomeu

98 1679 145 1738 vel
164 1680 272 1738 cultum
289 1681 390 1739 alicubi
412 1680 571 1748 obtinuerit,
598 1680 667 1753 quin
683 1680 755 1738 foret
772 1676 885 1756 dignus,
900 1698 959 1738 nou
978 1681 1043 1740 ideo
1061 1680 1155 1739 evadit
1172 1683 1280 1741 incerta
1339 1676 1350 1693 ⁴

95 1778 255 1836 sanctitatis
269 1770 376 1845 eornm,
392 1777 440 1850 qni
454 1779 488 1835 ab
504 1777 664 1847 Universali
676 1776 810 1835 Ecclesia
824 1776 898 1834 veris
912 1777 1060 1834 virtutibus
1074 1779 1165 1837 ornati
1178 1797 1280 1856 agnos·

93 1885 217 1951 cuntur3
233 1894 285 1933 nec
300 1876 376 1937 enim
390 1875 425 1932 ad
439 1876 493 1933 alia
505 1875 574 1934 loca
585 1868 752 1965 plerumque
766 1874 875 1934 transiit
888 1891 974 1942 error,
989 1885 1018 1932 et
1030 1874 1134 1942 cultus,
1149 1877 1279 1948 quamvis

92 1973 190 2032 sancti
204 1989 310 2030 nomen
330 1973 439 2030 facilius
454 1967 604 2045 aliqnando
617 1960 712 2031 datum
733 1975 800 2031 sita
808 1973 1012 2050 scriptoribus.
1055 1972 1172 2051 Regale
1186 1983 1280 2032 autem

90 2070 206 2144 quibus
219 2070 306 2126 utitur
313 2048 474 2127 Pontifex
466 2088 496 2127 m
510 2071 573 2127 vi'tae
588 2071 732 2139 sanctitate
736 2062 904 2148 indaganda
914 2067 1055 2148 eJ'usmodi
1070 2080 1207 2143 'suntque
1221 2088 1282 2128 cer·

75 2166 214 2231 ,titudini
236 2164 376 2241 pariendas
390 2165 474 2223 etiam
495 2165 657 2253 humanitus
671 2176 738 2225 sunt
749 2167 877 2236 idoneam
892 2178 921 2233 et
934 2169 1063 2241 quamvis
1083 2165 1281 2245 progrediente

84 2274 226 2340 tempore
242 2273 328 2319 ιιοιι
349 2263 415 2328 sint,
425 2268 458 2320 et
478 2261 624 2340 perfecte,
634 2246 667 2320 ιι
686 2273 780 2321 tamen
796 2283 912 2340 semper
930 2264 1054 2323 adhibita
1072 2275 1118 2323 est
1134 2263 1281 2341 diligentia

82 2378 161 2435 quae
177 2356 288 2416 errandi
302 2354 459 2447 periculum
473 2352 665 2417 excluderet.
685 2356 751 2418 Nec
762 2361 906 2438 partium
894 2359 988 2419 studio
999 2361 1082 2419 tribui
1081 2371 1191 2472 potest
1203 2361 1280 2421 Pon·

82 2457 184 2515 tiliois
195 2455 348 2532 judicium,
363 2475 450 2529 quum
464 2456 596 2514 Ecclesia
609 2476 667 2517 non
678 2457 802 2536 indigeat
812 2478 887 2518 novo
901 2459 997 2533 aliquo
1011 2438 1168 2529 subsidio,¹
1160 2474 1280 2538 ipseque

84 2564 239 2613 maturum
256 2553 352 2631 exigat
371 2554 506 2628 praevium
522 2572 652 2621 examen,
671 2554 772 2632 J'uratis
793 2557 962 2617 testimoniis
984 2555 1019 2613 de
1033 2557 1182 2614 virtutibus
1202 2556 1280 2614 etde

86 2644 245 2731 miracu-lis
258 2651 358 2718 allatis,
374 2661 444 2727 post-
457 2651 729 2717 famam-sanetitatis
743 2654 803 2729 jam
820 2655 976 2730 probatam.
1018 2653 1065 2711 Ne
1085 2653 1154 2726 quid
1175 2664 1281 2713 temere

82 2751 147 2807 -frat
161 2747 261 2814 decern
273 2769 289 2804 a
303 2748 409 2806 traditis
425 2750 604 2825 processibus
615 2749 650 2807 de
662 2768 695 2806 ea
706 2749 849 2813 elabantur
860 2751 926 2807 anni
936 2767 1054 2807 necesse
1066 2754 1119 2818 est,
1131 2759 1281 2821 antequam

85 2848 263 2947 signatura
272 2846 577 2915 commissionitdetur
588 2847 621 2903 ad
636 2845 815 2922 aperiendam
827 2864 951 2913 causam,
961 2846 1074 2903 testium
1086 2845 1121 2903 de
1133 2847 1281 2903 virtutibus

83 2939 218 3022 speciali
226 2958 362 3003 examine
361 2962 498 3016 ‚qnorum
509 2944 668 3005 testimonia
677 2942 761 2999 etiam
771 2941 861 2999 valida
870 2941 1077 3017 probatadubio
1086 2941 1122 3000 de
1131 2943 1282 3001 virtutibus

84 3037 195 3101 locum
210 3040 381 3113 relinquunt,
394 3039 471 3113 quod
485 3041 609 3099 nonnisi
606 3036 816 3117 quinquaginta
830 3040 911 3097 anuis
925 3060 941 3097 a
956 3058 1031 3103 servi
1023 3040 1101 3099 Dei
1115 3041 1192 3100 obitu
1206 3041 1283 3118 el'ap·

84 3140 149 3207 sis
154 3139 260 3197 discuti
274 3140 383 3215 potest.
405 3157 441 3196 ne
455 3138 545 3196 nimio
558 3138 652 3196 studio
667 3132 745 3212 quid
755 3139 813 3207 fiat,
829 3138 873 3196 vel
884 3124 996 3213 aliquid
1012 3140 1080 3198 alias
1102 3141 1185 3198 lateat
1205 3139 1282 3212 quod

82 3224 215 3296 testium
231 3236 327 3313 tidem,
342 3236 477 3314 lieetjam
491 3229 623 3295 examine
637 3237 709 3295 sacto
724 3239 877 3314 probatam,
893 3248 990 3314 posset
1000 3239 1151 3296 infirmare
1192 3237 1282 3296 Adhi-

65 3319 182 3395 {se-tur
193 3332 280 3399 aldai
293 3333 478 3392 Promotora‘s
493 3336 629 3400 industria
642 3335 682 3392 ad·
692 3355 791 3394 omnes
806 3347 883 3394 actus
898 3335 1059 3403 rimandos3
1076 3347 1162 3392 caetus
1177 3355 1226 3408 qut
1218 3337 1282 3418 'di-

81 3435 176 3492 eitur
191 3431 391 3523 Congregotc'o
410 3430 440 3489 S.
453 3429 581 3490 Rittium
597 3432 748 3513 Judicinm,
764 3433 890 3509 pluribus
904 3434 1048 3491 accersitis
1063 3433 1281 3503 consultoribus,
1301 3486 1304 3491 ,

89 3519 256 3589 Pontificio
268 3530 357 3605 praeit,
368 3539 395 3586 et
406 3524 526 3605 plurima
537 3528 590 3584 alia
600 3527 672 3597 liunt
680 3545 744 3599 que
756 3546 897 3586 summam
908 3528 1118 3587 solicitudinem
1131 3529 1283 3597 ostendunt

86 3618 229 3705 veritatis
243 3626 417 3704 detegenda,
431 3636 460 3683 et
472 3644 557 3684 omne
571 3625 694 3701 partium
707 3606 839 3683 studium
846 3626 955 3683 abesse.
959 3626 993 3661 ”²
1032 3627 1103 3692 Ωιι
1118 3626 1154 3684 dc
1168 3631 1282 3689 avaritia
1348 3658 1351 3663 ·

84 3724 366 3805 injffltsuspicio
377 3723 558 3807 fundamento
572 3731 656 3790 caret,
669 3716 810 3798 impeusae'
816 3722 903 3790 enim,
918 3722 1092 3799 gravissimas
1104 3722 1179 3792 licet,
1193 3745 1230 3785 ex
1238 3733 1283 3786 tot

86 3806 229 3898 praealta
243 3819 432 3895 processibus,
454 3829 483 3879 et
509 3819 630 3877 solemni
653 3819 708 3875 ritu
735 3819 897 3876 necessario
921 3817 1057 3878 oriuntur.
1099 3819 1145 3878 De
1170 3824 1282 3882 saeculis

86 3916 203 3978 mediis
221 3916 300 3998 battd
315 3922 462 3992 gravamur
475 3916 554 3974 fateri
569 3903 742 3989 nonnullos'
733 3936 765 3974 ιιι
779 3916 988 3975 Monachorum
1009 3917 1224 3997 Hagiologio
1195 3924 1282 3980 mmis

81 3995 192 4074 'facile
192 3994 347 4105 aliquando
363 4014 524 4080 recensitos,
537 4032 608 4086 qnos
623 4025 716 4071 tamen
730 4033 788 4072 non
801 4015 929 4090 agnoscit
950 4014 1124 4073 Universalis
1139 4017 1281 4076 Ecclesia.

90 4113 245 4182 Caeterum
256 4129 322 4184 quas
332 4130 388 4172 non
398 4112 551 4180 mirabitur,
560 4112 746 4180 Bernardum
755 4112 926 4170 Malachiam
930 4112 1281 4204 ffhomamdqninatem,

88 4207 219 4268 Petrum
237 4209 379 4276 Damiani,
391 4208 521 4281 aliosque
539 4210 651 4318 saeculis
671 4210 727 4275 illis
747 4210 856 4288 fulgore
874 4210 983 4278 virtutis
1003 4220 1088 4270 totam
1109 4200 1281 4271 illustrantes

85 4303 280 4366 Ecclesiam?
1026 4326 1029 4331 ·

133 4459 171 4519 (l)
188 4459 261 4523 Apud
274 4422 389 4524 Lupum
381 4475 407 4507 aa
419 4458 476 4508 Not.
488 4457 538 4507 ad'
532 4475 562 4506 ιι.
573 4458 647 4509 Cone.
659 4428 729 4512 Rdm.
740 4461 765 4510 S.
778 4461 911 4533 Leonpsix.
958 4498 962 4503 ·

131 4540 171 4601 (2)
189 4540 240 4600 Qui
257 4542 309 4592 burc
329 4541 567 4609 fusiusexplicata
549 4541 629 4590 videre
640 4543 706 4603 velit,
717 4545 787 4594 adest
799 4543 923 4598 Benedict.
933 4549 980 4599 xiv.
986 4550 1022 4601 ‚de
1038 4508 1235 4619 Gamelione,
1247 4549 1285 4646 val

81 4616 239 4690 ssynopsirn,
251 4626 281 4674 ab
293 4624 455 4675 Emmanuele
466 4627 496 4674 de
509 4625 645 4674 Azevedol.
658 4628 678 4676 ι.
