2738 5032
129 266 190 323 20⁶
509 258 564 318 DE
586 257 705 318 MODO
726 256 927 319 nocuum.
1025 272 1029 279 “

130 419 248 479 Mastia
269 418 416 494 seripturis
430 417 569 476 veteribus
584 420 734 475 instructus
748 417 857 485 suisset,
872 425 968 477 monet
981 434 1046 475 enm
1066 415 1224 493 Apostolus
1238 415 1320 474 illam

129 516 277 575 seientiam
293 515 445 591 plurimum
460 514 595 591 prodesse
610 512 788 591 “perfidem
803 533 866 588 qne
878 526 922 572 est
936 515 965 572 in
977 512 1093 571 Christo
1104 511 1227 570 Jesu.”¹
1248 512 1321 571 Non

131 614 217 691 igitur
243 612 396 688 scripturas
427 612 569 689 proponit,
596 611 681 669 veluti
705 614 842 670 rationem
870 613 1057 671 certissimam
1082 610 1194 668 Christi
1227 608 1318 677 addis·

132 709 216 768 cendi
243 709 409 776 doctrinam,
437 708 487 766 sed
513 708 637 767 ostendit
664 708 808 781 quomodo
835 707 961 786 legende
988 709 1046 766 sint
1071 719 1103 766 nt
1130 706 1166 767 ad
1195 707 1317 766 salutem

136 807 256 882 prosint.
299 805 412 882 Saepius
426 823 661 864 eum-memorem
682 804 749 862 lacit
762 804 895 863 doctrine
911 806 964 864 sibi
981 818 1051 863 vocs
1064 802 1184 871 tradite,
1199 821 1319 878 eamque

135 920 266 961 normam
278 901 412 960 credendi
424 912 454 959 et
466 900 600 975 loquendi
613 919 678 958 esse
691 903 810 960 omnino
821 902 897 960 vult:
920 902 1083 982 “Formam
1093 900 1168 958 habe
1181 918 1314 960 anorum

132 999 295 1066 verborum,
321 1017 416 1072 quea
436 1017 483 1057 ms
500 998 604 1056 audisti
617 998 647 1055 in
669 997 736 1065 fide,
759 1010 788 1057 et
806 999 837 1057 in
850 998 1009 1065 ¹dilectione
1030 999 1061 1056 in
1083 997 1204 1059 Christo
1226 997 1312 1057 Jssu:

133 1095 249 1154 Bonum
268 1094 429 1174 depositum
442 1094 553 1153 custodi
573 1112 625 1170 per
639 1094 776 1170 Spiritum
791 1095 927 1153 Sanctum
942 1095 992 1167 qui
1011 1093 1117 1151 habitat
1137 1093 1167 1151 in
1187 1091 1319 1152 nobis.’'¹

135 1191 266 1251 Eandem
280 1190 445 1251 methodum
458 1192 542 1249 abeo
556 1190 615 1247 vult
629 1189 867 1249 adhibendam..⁴
870 1190 963 1256 ‘Quae
977 1188 1080 1247 audisti
1094 1208 1112 1246 a
1124 1207 1172 1247 me
1186 1207 1241 1265 per
1250 1186 1318 1253 mul·¹

133 1299 180 1347 tos
202 1298 300 1357 testes,
312 1288 376 1387 hec
395 1285 563 1345 commenda
582 1284 712 1344 fidelibus
732 1285 908 1352 hominibus,
922 1286 972 1359 qui
992 1283 1088 1343 idonei
1108 1293 1194 1343 erunt
1206 1283 1315 1375 etalio·

132 1387 285 1447 docere-”⁸
597 1414 602 1419 ·
1143 1404 1150 1415 ·

175 1483 241 1562 Odj.
256 1486 286 1540 4.
308 1481 372 1539 Hac
393 1480 501 1538 rationo
522 1479 630 1538 Christi
643 1480 779 1538 doctrina
799 1478 933 1557 pendebit
952 1496 989 1536 ex
1009 1495 1177 1597 praeconum
1194 1476 1319 1545 arbitrio,-

136 1578 235 1651 quod'
228 1596 292 1654 rpso
306 1576 362 1634 Dei
376 1575 462 1633 verbo
476 1576 652 1651 praestantius
667 1575 1290 1633 habebitur..

173 1673 262 1750 Reap.
284 1672 408 1731 Minime
421 1670 533 1748 pendet
540 1669 649 1729 Christi
662 1669 791 1728 doctrina
804 1687 841 1726 ex
861 1644 1010 1728 hominum
1025 1668 1176 1737 arbitrio,
1167 1688 1237 1755 rpse
1245 1669 1317 1728 enim

133 1771 213 1829 adest
225 1789 340 1847 semper
353 1787 451 1827 eorum
466 1768 623 1827 ministerio
636 1766 752 1824 doeens.
787 1766 859 1823 Nec
870 1767 955 1824 verbo
971 1767 1027 1824 Dei
1038 1782 1138 1824 eorutn
1148 1776 1320 1851 anteponun-

135 1880 181 1926 tur
201 1867 363 1934 dictamina,
377 1885 443 1924 nam
464 1865 522 1942 ipsi
542 1865 569 1922 ei
589 1862 738 1939 perhibent
758 1863 962 1932 testimonium,
984 1861 1112 1937 ilhrdque
1131 1862 1321 1934 indesinenter

134 1967 310 2025 annuntiant.
343 1965 463 2022 Summa
476 1963 562 2038 igitur
574 1972 618 2019 est
630 1956 791 2028 concordia,
807 1969 836 2017 et
848 1961 974 2037 maxima
984 1959 1123 2019 certitudo
1135 1960 1247 2021 Christi
1259 1979 1323 2040 pro·

135 2065 274 2123 missione
290 2062 397 2129 innixa,
409 2061 455 2118 eui
468 2059 562 2118 omnis
574 2058 732 2117 intellectus
746 2058 946 2136 subjiciendus
954 2068 1008 2117 est.
1105 2084 1108 2089 ·

177 2161 245 2240 ooj.
262 2165 290 2218 5.
312 2159 381 2217 Ideo
396 2157 529 2215 Christus
544 2157 616 2215 nihil
630 2156 766 2233 scripturn
781 2157 905 2231 reliquit,
914 2154 987 2230 puis
1000 2096 1152 2235 gmtiasna
1166 2158 1324 2236 peremnia

140 2259 245 2316 saecula
258 2257 333 2315 filios
347 2273 415 2315 suos
429 2255 561 2313 docturus
576 2264 651 2312 erat:
668 2272 721 2312 neo
735 2238 812 2311 eniin
824 2254 976 2332 Scriptura
991 2253 1066 2313 aliud
1081 2274 1169 2330 quam
1183 2257 1325 2316 interioris

141 2353 320 2417 revelationis
334 2352 503 2410 documenta
515 2349 653 2408 habende
665 2359 740 2407 sunt.
782 2351 938 2427 lgiturnon
952 2351 1100 2409 homiuum
1113 2352 1327 2430 predicatione,

136 2449 209 2506 sed
202 2462 278 2506 rntus
292 2467 345 2506 suo
359 2449 465 2506 lumine
480 2447 563 2519 docet
577 2465 629 2504 nos
645 2447 735 2513 Deus,
751 2448 792 2504 uti
805 2448 862 2523 ipsr
854 2447 1049 2507 'tradiderunt
1064 2449 1174 2518 Patres,
1190 2452 1339 2528 Augusti·

105 2600 109 2605 ,
136 2563 201 2612 ιιι,
217 2544 353 2601 Clemens
367 2541 587 2609 Alexandrinus,
602 2540 805 2609 Tertullianus,
828 2542 1037 2620 Hieronymus,
1052 2546 1234 2616 Athanasius,
1251 2549 1335 2607 Cre·

137 2643 234 2721 gorius
249 2642 384 2718 Magnus,
399 2638 527 2716 Cyrillus
541 2637 760 2711 Alexandrinus,
771 2651 800 2697 et
813 2640 987 2701 Bernardus.
1008 2643 1052 2701 Ita
1065 2628 1205 2743 aarum,
1221 2662 1329 2706 eorum

137 2739 263 2799 relerens
277 2736 463 2796 testimonia.⁴
504 2782 507 2787 .

177 2837 268 2915 Resp.¹
290 2835 389 2894 Gratia
401 2831 517 2908 quidem
531 2851 604 2910 opus
617 2841 706 2897 estut
719 2834 877 2911 apostolici
897 2836 1047 2895 ministerii
1067 2836 1261 2915 predicationi
1280 2858 1332 2899 ιι

139 2936 305 3002 sentiamur,
320 2952 386 2992 nam
399 2932 506 2991 donum
521 2930 576 2989 Dei
591 2941 636 2989 est
653 2941 684 2989 ut
697 2931 854 3001 credemus,
869 2932 999 3006 quamvis
1019 2933 1098 2993 fidos·
1105 2936 1145 2994 sit
1157 2954 1197 2995 ex
1216 2929 1325 2997 auditu.

139 3034 259 3090 Summa
273 3031 412 3106 sapientia
431 3029 573 3106 disposuit
586 3029 729 3111 Christus,
744 3040 776 3088 ut
796 3030 1016 3107 predicatione
1008 3032 1200 3094 innotesceret
1213 3036 1325 3108 veritas,

140 3141 169 3188 et
182 3127 309 3185 doctrina
327 3126 442 3202 publica
460 3126 609 3182 ministerii
624 3106 792 3202 Apostolioi·
797 3138 883 3186 esset
894 3128 1027 3188 credendi
1041 3149 1159 3219 norma,
1172 3133 1328 3195 trementis

140 3223 253 3286 somnia
267 3241 318 3299 pro
333 3220 389 3279 Dei
402 3216 573 3299 revelatione
587 3219 764 3279 haberemus
807 3221 864 3280 Sed
879 3223 934 3280 alta
943 3242 1041 3284 reruni
1051 3243 1119 3298 que
1140 3226 1328 3303 praedicantur

141 3334 249 3391 natura,
259 3319 349 3396 'exigit
358 3326 394 3376 ut
403 3294 607 3377 divinavirtute
621 3317 766 3392 roboretur
780 3338 871 3387 mens,
876 3319 922 3378 ad
927 3340 1085 3391 assensum,
1098 3340 1148 3396 qur
1139 3323 1196 3382 ad
1209 3324 1328 3385 'salutem

141 3420 241 3486 valeat,
257 3412 456 3505 praestandum.
499 3406 606 3483 Mirum
621 3420 664 3470 est
678 3413 837 3475 Barclaium
850 3427 942 3494 patres
953 3418 1008 3476 sibi
1023 3428 1157 3495 patronos
1171 3403 1325 3490 vindicans,

88 3572 91 3579 .
142 3519 191 3590 qui
208 3514 348 3575 Ecclesiae
362 3511 555 3571 auctoritatem
570 3510 640 3569 adeo
655 3512 806 3571 celebrant.
848 3514 888 3572 Ut
900 3532 990 3574 unum
1010 3527 1108 3576 notem
1121 3519 1325 3596 Angustinnm,

143 3613 208 3688 ipso
221 3612 285 3669 loco
300 3630 349 3684 qur
341 3608 511 3687 objicitur,
518 3607 643 3667 ostendit
660 3609 856 3685 magisterio
844 3610 984 3669 Ecclesia
1005 3594 1094 3671 tradi
1098 3617 1328 3691 veneresque

144 3709 241 3766 unctio
256 3709 371 3771 interior
384 3708 479 3785 gratie
489 3706 668 3765 commendat
681 3706 850 3775 credendam
865 3709 1070 3786 interpretatur
1074 3712 1184 3791 seilicet
1198 3714 1328 3794 Apostoli

144 3802 264 3862 Joannis
279 3807 414 3863 verbaz‘
418 3805 542 3883 -Ufiuetio
556 3804 646 3880 ipsius
661 3803 745 3861 doeet
764 3808 816 3862 ιιι
830 3804 865 3862 de
880 3806 1054 3877 omnibus;¹'
1071 3818 1105 3867 'et
1116 3812 1279 3883 querite-'⁴‘
1289 3811 1330 3871 Ut

145 3899 214 3973 quid
228 3901 311 3959 talem
325 3902 475 3978 epistolam
488 3901 598 3958 fecisti!
620 3899 696 3966 Quid
710 3900 774 3958 illos
788 3911 817 3959 tu
832 3901 993 3960 docebasl”
1015 3914 1044 3963 et
1063 3905 1257 3967 difficultatem
1270 3884 1327 3967 sol·

144 3997 194 4064 uit,
210 3996 328 4079 dicendo
341 3999 414 4057 inter
427 3999 482 4056 alia
491 4018 507 4075 ς·
522 4006 541 4033 “
555 3996 721 4074 Magisteria
735 3999 891 4071 lorinsecus
912 4000 1050 4078 adjutoria
1062 4003 1194 4076 quaedam
1216 4015 1283 4065 sunt
1298 4014 1326 4064 et

145 4086 362 4153 admonitiones.
404 4093 574 4153 Cathedram
590 4095 620 4153 in
637 4096 708 4154 caelo
728 4096 821 4164 habet,
837 4096 885 4170 qui
906 4086 991 4157 corda
1004 4098 1133 4159 docet.”⁵
1174 4102 1208 4161 In
1230 4103 1327 4180 hujus·
1357 4120 1361 4125 ·

146 4191 224 4269 modi
238 4190 355 4248 testibus
369 4192 551 4260 adducendis,
562 4193 728 4270 simplicitas
742 4202 770 4251 et
783 4194 941 4271 ingenuitas
957 4196 1077 4277 Barduli
1092 4216 1150 4257 non
1164 4186 1323 4277 splendent.

245 4420 281 4482 (ι)
300 4418 416 4469 1b.v.15.
741 4426 776 4488 (t)
794 4425 866 4491 Prop.
878 4427 903 4476 ii.
915 4427 927 4487 d
939 4427 964 4477 ιι.

245 4506 281 4650 g}
297 4519 349 4638 piri
360 4504 431 4636 ι213.
678 4598 682 4607 .
736 4511 772 4573 (5)
785 4512 815 4562 ιι
830 4511 872 4577 llp.
881 4511 952 4562 Jonn.
964 4529 986 4563 o.
995 4512 1018 4564 2.
1030 4519 1100 4579 ιιιοι
1111 4514 1147 4567 iii.
1158 4532 1182 4566 n.
1194 4517 1233 4568 13.
