2738 5032
66 248 71 257 ·
113 222 169 278 los
510 217 565 289 DE
586 216 694 276 SEDE
716 217 901 278 Romans.

110 376 198 435 veluti
217 377 281 453 jure
295 375 436 434 Asiaticos
457 374 620 433 abscindere
635 376 758 433 voluisse
772 377 806 434 ab
821 376 959 436 Emissis
982 377 1148 435 universalis
1168 396 1328 435 commu?

109 474 206 531 niune.
247 472 392 531 Eusebius
412 490 472 529 rem
494 473 537 530 sic
559 471 660 529 refert:
687 470 772 529 “His
794 471 877 529 rebus
891 472 1027 533 adductus
1042 473 1150 541 Victor,
1166 474 1215 545 qui
1235 484 1295 531 tum

111 568 249 627 Romane
263 566 402 639 Ecclesia
417 578 543 644 preerat,
557 567 643 625 totius
658 567 733 626 heim
753 567 899 626 Ecclesiae
916 588 981 627 eum
996 570 1059 627 aliis
1073 569 1213 638 linitimis,
1227 579 1296 627 tam·

110 684 195 739 quam
209 665 323 723 alterius
337 664 404 723 fidei
415 675 444 723 et
451 665 620 741 opinionis,¹
631 655 717 721 simul
730 683 830 722 omnes
845 666 1019 725 acommuni
1032 667 1137 725 unitate
1154 664 1295 725 Ecclesiae

109 775 256 841 amputare
275 774 402 831 conatur,
423 775 452 822 et
473 764 503 821 in
524 781 575 821 cos
597 780 649 838 per
668 761 762 825 literas
787 765 908 840 graviter
932 765 1092 824 invehitsrz
1117 774 1203 837 atque
1224 762 1296 823 adeo

109 879 210 921 omnes
222 858 320 921 intres
331 880 393 919 eam
407 859 563 918 incolentes
573 859 729 935 regionem,
741 878 857 936 prorsus
869 863 1095 920 acommunione
1105 859 1295 920 secludondos

109 957 227 1017 sdicit.”
249 961 266 997 ¹
287 960 303 994 ¹*
324 961 340 994 ¹*
361 958 495 1015 “Verum
511 957 565 1014 ista
578 956 686 1013 ceteris
699 956 831 1014 omnibus
845 976 943 1034 parum
958 957 1106 1035 placebant
1125 956 1293 1035 Episcopis.

109 1056 205 1124 mum,
230 1057 324 1134 igitur,
345 1069 442 1114 eontm
465 1072 635 1131 magnopere
659 1053 883 1122 adhortabantur,
907 1066 938 1113 ιιι
962 1056 1051 1132 pacis,
1077 1054 1246 1124 concordie,
1267 1065 1296 1113 et

7 1214 12 1221 ,
109 1154 252 1213 charitatis
264 1173 330 1232 erga
341 1154 488 1231 proximos
498 1152 662 1229 diligentem
677 1170 772 1209 curam
784 1152 907 1211 haberet.
949 1153 1077 1220 Quorum
1089 1154 1183 1222 verba,
1191 1164 1294 1231 utpote

110 1250 255 1309 Victorem
276 1251 367 1308 scrius
382 1260 410 1307 et
429 1249 555 1307 acerbius
576 1248 764 1325 coarguentis,
786 1247 878 1307 adhuc
897 1259 1002 1307 extant.
1043 1249 1120 1308 Inter
1139 1268 1214 1323 quos
1234 1248 1293 1309 Ire·
1356 1242 1360 1249 ’

108 1367 197 1416 noeus,
212 1366 383 1421 quamquam
397 1363 448 1423 per
463 1344 557 1403 literas
570 1343 689 1421 scriptas
704 1363 740 1402 ex
754 1363 875 1422 persona
896 1346 1010 1404 iratmm
1024 1347 1055 1404 in
1070 1345 1174 1412 Gallia,
1188 1346 1293 1420 quibus

108 1457 235 1523 preerat,
250 1443 519 1525 tradit-mysterium
539 1443 752 1501 resurrectionis
773 1441 892 1502 Domini
911 1445 973 1503 solo
986 1444 1033 1503 die
1047 1443 1295 1504 nomisios—roeo

108 1541 222 1600 lendum
239 1540 353 1613 quidem
375 1556 456 1597 esse:
498 1538 644 1598 Victorem
666 1549 759 1597 nmen
780 1540 815 1597 do
838 1540 892 1598 hoe
913 1552 1020 1609 monet,
1035 1538 1220 1598 videlicetne
1234 1551 1294 1599 tam

108 1637 210 1697 multas
225 1636 372 1695 Ecclesiae
387 1635 513 1703 omnino,
528 1644 642 1712 propter
655 1634 811 1693 traditionis
825 1653 862 1693 ex
875 1637 990 1709 antiqua
1002 1634 1208 1695 consuetudine
1221 1636 1295 1693 inter

108 1736 171 1795 illas
185 1746 325 1812 usurpata
339 1735 573 1802 observationem,
585 1754 602 1791 a
616 1752 733 1810 corpore
747 1734 885 1791 universa
899 1733 1007 1791 Christi
1021 1733 1163 1803 Ecclesiae
1176 1733 1291 1810 penitus

109 1831 281 1909 amputet.’'¹
319 1831 425 1903 Liquet
438 1839 604 1908 potestatem
618 1827 801 1887 abscindendi
814 1829 960 1887 Ecclesiae
972 1830 1130 1889 Orientalss
1144 1849 1161 1887 a
1174 1848 1294 1908 corpore

108 1931 246 1989 universe
257 1929 394 1987 Ecclesiae
406 1927 461 1984 sibi
471 1926 553 1983 tribui
564 1945 581 1982 a
591 1925 717 1992 Victore,
725 1943 778 1982 nec
789 1926 823 1984 sb
834 1925 916 1983 aliis
908 1945 938 1984 ιιι
947 1927 1142 2000 quaestionem
1154 1938 1294 1995 ιιιιιιιιιι,

109 2028 239 2101 quamvis
254 2026 349 2104 plures
365 2043 430 2083 cum
451 2025 513 2101 ipso
527 2023 558 2080 in
572 2021 713 2099 paschatis
733 2023 929 2082 observatione
949 2023 1114 2109 concordes,
1132 2043 1197 2087 rem
1217 2003 1295 2084 haud

107 2134 238 2202 putarent
248 2121 402 2200 urgendam
413 2140 478 2180 cum
490 2130 566 2178 tanto
578 2119 692 2177 unitatis
703 2139 736 2178 ac
750 2121 827 2197 pacis
839 2119 999 2197 dispendio.
1041 2100 1178 2181 Precibus
1190 2121 1294 2183 Irenei

107 2223 263 2295 aliorumq:
287 2230 381 2278 motus
395 2219 507 2276 stetisse
521 2218 593 2275 intra
606 2217 698 2289 minas
712 2228 843 2276 censetur
856 2239 873 2276 s
887 2218 1038 2296 pluribus.⁸
1077 2219 1142 2278 Hae
1156 2219 1193 2278 de
1207 2240 1295 2279 musa

107 2320 224 2379 Asiatici
239 2338 296 2378 non
309 2318 511 2378 habebantura
524 2317 725 2375 communione
740 2317 839 2374 alieni.
881 2318 913 2374 Si
928 2318 1010 2375 alicui
1025 2317 1173 2377 videantur
1191 2336 1293 2396 reapse

73 2457 78 2469 .
107 2416 292 2473 anathemate·
304 2415 442 2492 percussi,
456 2414 602 2471 Victorem
623 2413 721 2471 mitius
743 2412 877 2489 deinceps
891 2415 1016 2491 sensisse
1029 2413 1182 2473 dicendum
1195 2425 1251 2484 est,
1265 2426 1294 2474 ot

106 2530 254 2571 censuram
269 2512 428 2569 amovisse:
444 2516 553 2567 constat
566 2509 672 2586 quippe
687 2527 786 2586 preces
800 2509 900 2587 lrenmi
914 2529 971 2568 non
985 2510 1074 2569 fuisse
1088 2511 1191 2570 irritas.
1238 2514 1241 2518 ’

149 2604 215 2687 obj.
230 2607 445 2685 acyminum
466 2606 629 2683 Episcopos
649 2624 749 2665 omnes
769 2604 867 2664 eadem
881 2608 999 2668 omnino
1012 2609 1176 2666 auctoritate
1190 2609 1222 2668 in
1234 2609 1293 2669 Eo-

106 2705 193 2764 olesia
205 2705 326 2783 gaudere
340 2702 472 2761 docet:‘
477 2701 686 2781 ‘Episcopatus
706 2720 780 2759 unus
794 2711 846 2770 est,
861 2703 942 2778 cujus
957 2702 1108 2780 asingulis
1122 2703 1153 2762 in
1167 2703 1293 2763 solidum

106 2822 171 2881 pars
186 2801 315 2861 tenetur!
319 2801 342 2837 '⁴
1270 2824 1275 2829 ·

144 2899 233 2977 Resp.
255 2898 304 2956 Ex
317 2907 450 2956 contextu
463 2896 613 2967 sermonis,
625 2909 654 2954 et
666 2914 755 2973 scopo
769 2858 853 2953 totius
865 2896 959 2972 operis
973 2895 1070 2968 liquet
1065 2840 1185 2974 depa‘n
1176 2896 1288 2975 Epis·
1357 2896 1364 2907 '

106 3015 265 3074 coporum
261 2996 428 3053 auctoritate
448 3013 505 3052 non
527 2994 582 3102 agi,
597 2992 648 3052 sed
668 2993 703 3052 de
723 2993 828 3051 unitate
842 3003 870 3051 et
883 2992 1033 3065 concordia
1054 2982 1258 3071 Episcopatus
1263 3005 1294 3053 et

106 3093 263 3152 Ecclesiae:
294 3100 495 3167 precesserant
518 3089 625 3167 quippe
650 3091 733 3148 verba
757 3089 836 3146 hec:
867 3098 980 3163 “quam
1007 3089 1143 3148 unitatem
1171 3090 1293 3150 &miter

106 3201 203 3249 tenere
215 3200 244 3249 et
254 3187 395 3247 vindicare
409 3187 555 3254 debemus,
567 3186 690 3244 maxime
705 3186 832 3263 episcopi
844 3186 893 3259 qui
906 3188 936 3245 in
948 3186 1079 3245 Ecclesia
1091 3186 1292 3264 presidemus,
1333 3258 1337 3267 Ι

106 3300 139 3349 ut
152 3289 346 3367 episcopatum
362 3302 474 3360 quoque
493 3286 587 3360 ipsum
608 3302 695 3341 unum
715 3293 797 3356 atque
812 3283 970 3366 'indivisum
991 3285 1175 3362 probemus.”
1218 3280 1301 3347 Ideo.

106 3389 191 3468 igitur
211 3387 240 3445 in
260 3383 383 3444 solidum
404 3401 469 3460 pars
492 3381 673 3463 Episcopalis
695 3382 864 3440 auctoritatis
886 3382 920 3440 ab
941 3384 1124 3456 unoquoque¹
1136 3381 1291 3471 Episcopo
1322 3430 1328 3441 .

105 3485 195 3544 tenori
215 3482 328 3549 dicitur,
348 3479 415 3553 quia
436 3478 567 3537 omnibus
591 3477 745 3558 Episcopis
769 3478 845 3537 idem
867 3478 1187 3537 statuitur‘auctoritatis
1207 3499 1292 3542 excr-

106 3579 202 3638 cendae
216 3579 281 3636 finis
294 3586 326 3635 nt
345 3575 456 3654 “plebs
469 3588 525 3633 una
538 3574 568 3632 in
583 3574 702 3633 solidam
716 3575 843 3652 corporis
857 3575 991 3633 unitatem
1006 3576 1165 3641 concordie
1177 3577 1292 3654 ςὶιιιιιιο

106 3674 257 3753 copulata”
272 3674 445 3732 exhibeatur.
486 3672 520 3729 Si
534 3671 586 3730 hac
600 3672 749 3732 occasione
759 3672 824 3748 jura
838 3671 915 3748 paria
923 3681 956 3729 et
968 3654 1188 3749 independentia
1201 3674 1291 3753 Epis·

106 3782 241 3848 caporum
253 3768 428 3839 affirmasset,
440 3781 469 3829 et
480 3771 642 3851 soloanimi
656 3770 758 3828 affectu
771 3781 893 3827 rectores
907 3768 1100 3829 Ecclesiamm
1112 3771 1290 3850 conjungen·

107 3866 169 3935 dos,
190 3864 313 3944 proiecti
333 3867 469 3925 unitatem
493 3866 631 3925 Ecclesia
652 3874 680 3923 et
699 3865 889 3942 Episcopatus
912 3884 969 3923 non
989 3864 1221 3939 demonstrasset,
1235 3870 1292 3931 ssd

106 3964 189 4042 plane
204 3963 366 4031 evertisset3
388 3981 440 4022 nec
455 3962 531 4019 enim
544 3961 594 4034 qui
614 3961 744 4021 homines
758 3961 867 4018 noverit
887 3960 968 4018 laclia
982 3963 1036 4020 sibi
1050 3962 1233 4047 persuadebit
1247 3976 1291 4025 tot

107 4080 158 4140 per
167 4062 273 4130 orbem,
286 4080 396 4119 summa
407 4058 525 4132 quadam
540 4059 569 4115 in
581 4058 639 4115 suis
650 4057 780 4134 regendis
791 4054 957 4116 diaecesibus
967 4069 1104 4135 potestate
1119 4059 1289 4148 fruentium,

57 4236 62 4249 ·
139 4220 203 4281 (1)‘
166 4225 215 4280 )ως
231 4216 380 4284 ηφιέοξὸυσιι
396 4216 478 4265 minus
489 4221 555 4264 recte
565 4215 704 4287 sentientes.

138 4303 174 4364 (2)
193 4301 281 4350 Euseb.
292 4299 308 4346 l.
319 4314 342 4346 v.
352 4298 440 4347 hisee
450 4297 489 4346 24.

138 4386 175 4447 (3)
192 4378 440 4446 Nicephor.l.lhist
452 4379 601 4429 Ecclc.38.
633 4377 868 4429 vulcanalium.
880 4385 938 4430 tom
948 4396 969 4429 v.
981 4381 1037 4431 bist.
1049 4354 1116 4432 Eccl-
1127 4383 1190 4433 διο.
1201 4337 1290 4445 2diss.

108 4487 130 4519 ι.
142 4467 231 4525 Arta.
264 4465 304 4514 lta
315 4463 389 4512 etiam
401 4462 531 4512 nouissime
542 4461 671 4513 censuitd
683 4462 710 4512 B.
722 4461 825 4512 Pslrna'
819 4478 844 4523 ιιι
856 4463 922 4528 proel
934 4443 989 4513 hist.
1001 4464 1068 4515 Eccl.
1078 4464 1166 4516 Rome
1176 4470 1296 4521 editis.

139 4550 174 4612 (l)
186 4550 201 4599 l.
212 4550 242 4598 de
253 4545 313 4597 unit.
325 4561 348 4610 p.
358 4544 414 4602 3⁵0,
424 4543 461 4592 ed.
472 4543 548 4593 Wirc.
