2738 5032
55 516 1216 756 ''rnnonounnuoumnrrom
1254 606 1262 627 ·

518 875 834 887 ..-.-...--.-,--

298 1017 332 1137 J
423 998 979 1144 ¹rnaurnuusn

230 1322 234 1329 .
281 1223 284 1228 ’
309 1270 385 1340 nn
407 1247 802 1335 anvnnnaroun
824 1212 1050 1359 nryrual

118 1424 132 1512 '-
195 1440 222 1495 δ’.
235 1450 315 1508 lt‘mt
328 1449 521 1499 vssurun'rtltus
534 1454 697 1494 nssvsums
711 1457 816 1503 QUIBUS
829 1455 917 1517 RATIO
932 1456 1153 1527 surruauawtt·

121 1568 272 1642 Plerisque
288 1571 395 1647 placuit
411 1564 560 1654 'tractatum
579 1584 664 1642 quem
679 1570 856 1646 aggredimur
876 1570 911 1628 de
933 1571 1082 1649 Religione
1103 1574 1268 1640 inscribere,

85 1678 112 1725 et
123 1669 158 1725 ab
173 1669 208 1725 iis
222 1687 287 1741 quas
305 1670 377 1727 ratio
391 1670 425 1728 de
446 1669 520 1736 Deo,
535 1670 654 1746 ejusque
666 1670 755 1740 cultu,
770 1679 798 1726 e't
817 1675 928 1731 morum
941 1654 1045 1753 *regula
1058 1673 1143 1733 dictat
1152 1694 1269 1734 sumere

84 1767 346 1844 initium-gradum
358 1768 432 1825 »inde
451 1767 487 1824 ad
508 1768 709 1826 revelationem
730 1767 855 1851 facturis.¹
895 1769 999 1836 Nubis,
1020 1773 1074 1827 etsi
1094 1772 1131 1828 de
1151 1775 1278 1832 vocibus*

82 1881 181 1940 parum
195 1851 421 1930 simussoliciti,
438 1866 630 1924 Revelationis
651 1866 748 1924 titulus
764 1867 853 1942 magis
875 1866 986 1933 arridet,
1001 1868 1031 1924 in
1052 1870 1147 1926 animo
1161 1866 1269 1950 quipp'e

66 1970 126 2018 -est
139 1981 172 2019 ea
184 1956 295 2045 tradere
309 1976 339 2022 et
351 1978 528 2042 propugnare
543 1982 604 2036 quae
627 1965 691 2022 Deo
706 1966 769 2041 ipso
784 1965 901 2023 docente
917 1965 1058 2032 novimus,
1074 1968 1268 2041 rationemque

83 2056 184 2117 ducem
204 2059 282 2117 haud
301 2061 394 2133 sequi,
415 2060 466 2117 sed
487 2060 618 2129 ancillam
639 2061 782 2118 exhibere.
824 2062 889 2118 Alia
909 2060 1024 2134 quidem
1045 2063 1206 2131 methodus,
1228 2066 1269 2122 uti

82 2162 180 2213 monet
192 2142 380 2237 clarissimus·
389 2157 516 2233 Bergier,
531 2157 725 2232 aptiorvideri
740 2153 842 2233 potest,
857 2157 908 2214 sed
923 2159 986 2215 h'oec
1000 2151 1214 2235 simplicissima
1223 2171 1271 2220 ,est

82 2271 117 2310 ac
131 2244 282 2320 tutissima,
298 2266 384 2332 quam
395 2255 457 2330 ipse
472 2252 576 2329 magna
587 2272 652 2310 cum
663 2246 911 2311 laodeadhiboir.1l
948 2253 1077 2319 Eandem
1092 2257 1271 2314 commendat

82 2348 269 2406 vehementer
282 2350 402 2426 scriptor
415 2350 545 2437 egregius
561 2348 741 2406 Muzzarelli.
1191 2363 1194 2368 '

92 2445 317 2513 Revelationis
328 2443 441 2518 nomine
453 2434 637 2522 intelligimus
646 2443 956 2533 communicationem
969 2444 1034 2506 Deo
1044 2450 1155 2506 homini
1168 2410 1270 2508 factam

81 2544 232 2602 veritatum
253 2534 498 2630 credendarumet
514 2543 671 2601 officiorum
692 2522 910 2620 implendorum
952 2535 1027 2614 Eam
1048 2547 1140 2621 primo
1157 2547 1278 2617 homini.

80 2641 193 2707 saetam,
202 2651 232 2698 et
241 2640 376 2733 deinceps
387 2661 445 2720 per
443 2642 620 2701 soculorum
632 2637 866 2713 seriemauctam,
873 2652 967 2718 prout
970 2645 1000 2701 in
1012 2645 1106 2737 Musis
1120 2655 1149 2702 et
1165 2638 1270 2704 Vatum

81 2734 269 2805 Iudaicorum
289 2734 374 2817 libri}
390 2750 434 2797 est
453 2740 625 2815 consignata,
641 2726 801 2815 agnoscunt
821 2741 934 2821 summo
948 2728 1270 2817 consensulihristiani
1339 2728 1353 2797 ⁶.

82 2836 188 2913 pariter
201 2856 235 2905 ae
244 2835 354 2895 Judoei.
397 2820 513 2909 Christq
527 2836 693 2894 adveniente
707 2837 834 2935 amplius·
843 2838 1012 2925 explicatam
1026 2851 1192 2911 auctamque
1206 2841 1275 2917 ejus
1337 2825 1341 2834 ⁸

83 2935 209 2993 cultores
222 2916 398 3035 profitentur.
441 2935 536 2992 Deum
547 2953 624 3001 esse
640 2931 768 3015 omnium
781 2953 874 2991 rerum
889 2934 1062 2997 conditorem
1079 2956 1110 2993 uc
1125 2938 1270 3007 arbitrum,
1311 2963 1312 2967 ¹
1352 2946 1355 2957 “

83 3033 202 3122 utrique·
198 3020 346 3099 ·fatentur,
371 3031 434 3108 ipsa
453 3030 651 3113 revelatione
644 3046 812 3097 rnntxt,cu1
836 3031 920 3088 ctiam
941 3026 1135 3090 obediendum
1155 3034 1268 3102 docent,
1302 3086 1305 3091 .

83 3122 194 3187 serrata
205 3129 270 3206 lege
280 3148 402 3196 morum,
415 3138 503 3201 quem
515 3129 632 3204 insuper
646 3130 728 3204 spirit
727 3139 784 3185 uet
790 3129 1015 3187 veritatecole're
1029 3143 1147 3210 oportet.
1174 3132 1270 3198 Quum

84 3227 248 3283 veritatibus¹
262 3225 308 3282 his
322 3225 490 3302 suffragetur
503 3226 583 3293 ratio,
594 3220 700 3283 ordinis
715 3224 824 3281 diversi
830 3225 966 3282 habentur
978 3227 1044 3283 ab''
1022 3246 1061 3282 us
1077 3246 1138 3298 quae
1152 3228 1269 3284 rationis

84 3324 159 3381 vires
172 3324 271 3415 longe
279 3308 421 3400 ruperant,
437 3324 529 3396 iisque
550 3322 691 3380 adversari
704 3298 843 3402 ridentur,
860 3332 980 3413 quosque
1001 3323 1108 3383 idcirco
1127 3325 1270 3405 ruysteriu
1321 3378 1326 3389 ,

87 3418 243 3497 audiunt}
623 3474 645 3485 ..
764 3434 768 3480 ἱ
796 3476 799 3487 ,
1205 3438 1208 3445 ’

123 3477 280 3581 Veritatem
301 3517 450 3581 revelatam
471 3488 505 3575 de
527 3515 583 3575 Dei
601 3514 758 3575 existentia
769 3495 852 3594 juvat
863 3516 963 3573 rationi
983 3524 1137 3607 consonam
1153 3516 1270 3576 demun·

84 3623 183 3687 strare,
200 3612 349 3689 precipuis
363 3600 484 3670 breviter
497 3614 643 3671 recensitis
658 3613 851 3707 argumentis
929 3675 932 3681 ,
1133 3622 1136 3627 “

94 3709 219 3767 Deum
242 3727 316 3785 esse
316 3726 424 3770 rerum
445 3708 552 3767 scilicet
574 3709 701 3766 omnium
714 3727 731 3764 e
746 3709 835 3765 nihilo
850 3707 1034 3775 conditorem,
1049 3711 1130 3786 cujus
1154 3710 1269 3767 arbitrio

83 3809 180 3866 omnia
193 3808 410 3884 gubernantur(
403 3826 474 3883 rpsa
478 3807 564 3864 dictat
577 3808 654 3877 ratio,
670 3819 841 3878 testaturque
853 3807 984 3863 universa
997 3826 1092 3864 rerum
1103 3826 1267 3885 compages.

85 3905 202 3962 Naturae
215 3904 324 3961 veluti
312 3905 449 3961 instinctu
465 3903 499 3961 ad
514 3923 578 3961 eum
591 3904 809 3983 agnoscendum
815 3903 998 3980 impellimur,
1011 3905 1082 3962 adeo
1096 3918 1127 3962 ut
1140 3907 1205 3982 ipsi
1189 3905 1270 3964 ido·

83 4002 176 4060 lorum
191 4001 312 4059 cultores
327 4001 356 4057 ιιι
370 4002 470 4058 subitis
485 4000 572 4063 animi
585 4002 719 4068 motibus,
735 4000 832 4058 oculos
847 4000 961 4073 corque,
976 4008 1033 4059 tlon
1048 4002 1083 4059 ad
1096 4003 1199 4062 lovem
1215 4003 1270 4062 Ca-

85 4097 245 4174 pitolinum,
261 4097 311 4154 sed
326 4095 364 4157 ad
375 4097 468 4155 ooelos
468 4098 641 4166 evehentes
653 4097 766 4154 Deum
759 4101 873 4155 rm'mort
863 4099 951 4156 t·alem
961 4100 1100 4177 appellare
1116 4109 1269 4159 consueve-

85 4195 150 4262 rint,
162 4195 203 4252 uti
218 4193 412 4251 animadvertit
426 4185 497 4259 olim
505 4195 576 4252 'tFer
577 4195 707 4261 ullianus‚
720 4194 881 4252 exclamans
893 4195 946 4251 liae
961 4198 1127 4254 occasione:
1120 4207 1164 4234 ‘⁶
1157 4199 1199 4256 ‘O
1215 4209 1269 4256 tes·

87 4283 248 4368 timonium
250 4292 356 4351 animae
385 4271 545 4354 naturaliter
565 4287 761 4362 Christianae?
766 4290 788 4324 ’⁹
836 4286 927 4369 Ipsa
929 4293 972 4349 vis
990 4279 1190 4367 conscientias,
1214 4315 1270 4369 qua

86 4390 173 4447 virtus
187 4410 204 4446 a
217 4389 285 4453 vitiu
298 4388 473 4477 discernitur,
486 4390 657 4468 voluptatem
674 4382 839 4467 plerumque
851 4409 938 4468 poeua
949 4391 1037 4449 animi
1050 4405 1196 4466 sequente,
1206 4413 1269 4454 nor-

88 4585 154 4644 ,(Ιι
171 4583 258 4635 Traite
269 4584 299 4633 de
311 4584 335 4632 lu
346 4585 410 4635 vruie
422 4569 542 4650 Religion.
715 4552 718 4559 Ι
783 4582 786 4585 ’
832 4585 868 4647 (2)
886 4586 989 4652 Apolog.
1000 4587 1031 4636 ad
1041 4587 1165 4638 Gentes
1224 4615 1227 4621 ·

200 4668 277 4725 Von.
293 4665 366 4724 1-2
401 4676 402 4679 ’
667 4692 671 4699 ·
