2768 5032
258 284 311 346 nn
332 286 654 348 rnarnrmrare
676 254 893 359 nocensne
917 290 1109 352 visimus.
1202 256 1265 348 ur

95 437 258 511 collaturos,
272 454 304 502 ut
317 446 519 504 Antichristum
539 457 754 524 persequentem
767 447 919 525 effugiant:
942 451 1092 513 manebunt
1106 459 1197 529 tamen
1211 448 1271 526 plu·

97 535 163 593 rimi
177 556 296 609 qnorum
311 541 420 614 aliquos
435 543 495 618 ipse
510 543 602 619 gladio
616 545 768 619 percutiet3
793 545 841 618 qui
851 552 950 603 omn'es
961 545 1120 603 Ecclesiam
1132 536 1271 602 risibilem

95 634 278 693 constituent.
320 637 404 696 Certe
415 658 449 696 eo
462 641 524 715 ipso
539 651 664 716 ternpore
678 640 748 698 fides
762 660 832 699 vera
835 642 927 717 palam
942 641 1175 718 praedioabitnrz‘
1180 640 1269 697 ‘dabo

93 726 206 786 duobus
227 733 344 791 testibus
358 736 439 803 meis,
455 746 483 793 et
504 737 709 813 prophetabunt
727 736 824 796 diebus
843 738 919 837 mille
942 739 1068 835 ducentis
1088 737 1269 841 sexaginta?

95 824 188 900 Apoc.
205 831 250 895 11·,
266 833 294 886 3.

137 919 205 1004 obj.
220 929 250 984 3.
271 910 421 1005 Scripturas
436 902 594 990 testimonia
608 932 709 1003 quibus
724 945 857 1008 perpetua
876 932 1005 991 Ecclesia
1026 933 1134 996 duratio
1148 878 1269 1001 lulcitur,
1291 986 1294 992 .

95 1024 184 1082 instar
197 1034 239 1082 tot
252 1024 367 1082 aliarum
382 1027 602 1101 promissionum
616 1027 796 1104 synagogae,
808 1039 836 1086 et
850 1028 965 1101 templo,
979 1040 1006 1086 et
1020 1018 1123 1086 Daridi
1137 1029 1269 1087 factarum

95 1113 194 1178 haberi
215 1131 353 1198 possunt:
378 1123 551 1199 proindeque
572 1124 731 1182 conditione
753 1122 853 1196 aliqua,
874 1125 1084 1197 qna'nittmtur,
1108 1125 1267 1192 deficiente,

96 1204 182 1274 enum
196 1236 254 1289 non
268 1214 475 1290 consequentur
488 1219 629 1278 effectum.
679 1202 681 1206 ⁷

125 1311 228 1393 Remi.
251 1312 385 1372 Conditio
408 1315 454 1372 illa
477 1316 577 1373 frustra
597 1318 733 1385 statuitur,
757 1318 855 1378 silente
880 1317 1032 1395 Scriptura,
1046 1309 1081 1376 ¹et
1101 1327 1272 1396 repugnante

98 1396 227 1466 omnium
240 1409 438 1483 seculorumga
457 1411 652 1470 Christonato
672 1413 737 1472 fide.
781 1413 866 1472 Certe
886 1414 1008 1473 immane
1023 1414 1173 1491 discrimen
1187 1414 1271 1473 inter·

99 1506 177 1565 cedit
188 1507 258 1565 inter
270 1509 473 1583 promissiones
494 1529 556 1582 quae
577 1511 737 1570 Ecclesiam
757 1513 919 1589 respiciunt,
935 1524 963 1571 et
982 1514 1050 1599 alias
1065 1514 1093 1577 in
1114 1513 1276 1591 objections·
1310 1524 1315 1533 '

99 1599 252 1673 indicatas-5
267 1624 330 1671 nam
346 1604 547 1665 sacrificiorum
561 1608 752 1667 Mosaicorum
773 1609 967 1678 desectionem,
982 1621 1010 1669 et
1030 1602 1100 1688 leg-'is
1114 1618 1194 1669 nov'ae
1209 1606 1271 1688 pro‘·

98 1698 299 1776 m'ulgationem
314 1701 393 1759 Deus
414 1703 480 1761 alibi
501 1704 665 1780 predixerat
676 1708 697 1771 3¹
718 1713 887 1781 quapropter
903 1725 965 1778 qua
979 1707 1051 1783 legis
1065 1717 1092 1764 et
1112 1706 1271 1784 Synagogue

99 1806 263 1874 perpetuam
276 1797 450 1857 durationem
464 1800 590 1875 polliceri
610 1796 783 1868 videbantur,
798 1801 955 1858 necessario
969 1801 1106 1858 debebant
1118 1802 1153 1859 de
1167 1801 1271 1859 diutur-

99 1893 127 1951 ni
149 1894 286 1970 te'mporis
311 1896 403 1970 spatio
421 1896 557 1973 intelligi:
585 1898 691 1974 regiam
712 1899 795 1957 etiarn¹
821 1907 987 1975 potestatem
1007 1897 1124 1954 Davidis
1149 1898 1270 1974 posteris

99 1986 266 2066 promissam
281 1991 421 2049 includere
436 1992 623 2051 conditionem
638 1990 778 2056 fidelitatis
794 1993 857 2051 Deo
868 1978 1011 2052 servandae
1025 1993 1104 2051 facile
1116 1993 1179 2064 quis
1194 1994 1271 2068 pole·

99 2095 139 2144 rat
150 2087 303 2163 conjicere,
318 2089 445 2159 quamvis
467 2090 627 2147 vaticinium
647 2091 676 2147 in
691 2090 807 2148 Christo
827 2090 941 2148 sublimi
963 2090 1072 2147 ratione
1088 2088 1269 2165 adimpletum

99 2181 180 2240 liceat
193 2183 280 2241 etiam
292 2184 486 2261 contemplari.
528 2185 735 2244 Promissiones
749 2197 841 2244 autem
862 2186 1000 2244 Eccl'esiae
1016 2185 1096 2244 factae
1109 2203 1166 2243 non
1180 2181 1271 2243 nitun-

100 2285 141 2352 tur
153 2273 274 2356 alicujus
288 2280 398 2346 rirnrte,
413 2281 463 2338 se'd
480 2281 540 2338 nei
561 2300 626 2358 erga
647 2282 793 2340 hominum
815 2300 904 2359 genus
930 2280 1137 2349 misericordia3
1152 2294 1215 2351 ¹nec
1236 2279 1280 2338 sd

100 2375 270 2448 privatorum
285 2374 430 2435 utilitatem
444 2377 609 2445 reseruntur,
623 2377 674 2435 sed
687 2377 721 2436 ad
735 2378 858 2436 divinam
872 2378 994 2456 gloriam
1002 2378 1206 2471 hominumque
1220 2377 1272 2455 pe'r

99 2462 311 2535 &lauta
323 2474 451 2543 salutem,
472 2476 618 2534 veritatum
632 2468 787 2535 divinarum
802 2472 1019 2554 pradicatione3
1041 2494 1093 2534 nec
1103 2466 1202 2561 aliquo
1216 2474 1271 2533 ulio

96 2568 261 2651 mlo
273 2580 428 2637 arctantur3
443 2570 494 2628 sed
504 2590 554 2648 per
566 2591 597 2629 se
607 2572 790 2648 amplissima,
800 2573 954 2631 clarissima
964 2572 1089 2630 omnium
1104 2556 1270 2630 seculorum

95 2656 312 2747 deineeplide,
332 2687 480 2740 rerumque
500 2678 611 2736 eventu,
626 2669 702 2729 nulla
721 2669 771 2727 niti
792 2669 962 2737 conditione,
978 2669 1157 2727 nnllolimite
1172 2668 1269 2726 arctari
1299 2700 1301 2716 ,

90 2761 330 2826 demonstrantur.

626 2957 741 2973 U

350 3140 386 3198 o.
407 3096 460 3199 ni.
491 3096 795 3231 *nu-ecouesrm
818 3092 1015 3197 nutrire.

127 3314 208 3374 Sunt
222 3315 293 3373 inter
306 3315 495 3372 Protestantes
509 3314 622 3391 plurimi
633 3315 778 3372 nobiscum
790 3299 942 3373 concordes
956 3315 985 3371 in
999 3312 1137 3370 Ecclesiae
1151 3311 1266 3369 visibilis

73 3403 232 3490 perpetua
245 3409 388 3468 duratione
403 3399 513 3477 tuenda,
529 3411 577 3482 qui
592 3421 685 3468 tamen
698 3429 759 3468 eam
774 3410 897 3490 singulas
912 3410 969 3466 sere
985 3407 1160 3464 Christianae
1175 3414 1266 3463 sectas

71 3494 247 3586 eomplecti
262 3507 472 3583 contendentes,
487 3515 549 3563 eam
570 3505 636 3564 dum
658 3516 767 3564 tuentur
782 3505 939 3563 destruunt.
983 3504 1084 3569 Totius
1105 3503 1267 3578 systematis

71 3611 194 3668 vitium
206 3605 237 3662 in
248 3623 282 3662 eo
292 3605 358 3661 latet
368 3602 443 3676 quod
454 3623 504 3661 eos
516 3605 563 3675 qui
575 3596 714 3678 praeoipua
725 3603 860 3674 quaedam
871 3602 936 3659 fidei
951 3601 1083 3677 dogmata
1092 3600 1265 3677 profitentur,

71 3716 113 3766 et
126 3703 277 3780 baptismo
293 3713 321 3760 et
334 3689 501 3769 eucharistia
514 3712 635 3768 utuntur,
652 3701 769 3774 quadam
784 3702 868 3759 etiarn
883 3700 1027 3776 regiminis
1041 3702 1131 3759 forma
1149 3711 1268 3783 serrata,

71 3794 274 3863 Ecclesiam
278 3799 445 3856 constituere
470 3799 596 3874 plerique
616 3808 756 3866 censeant,
778 3808 806 3855 et
826 3798 1020 3856 Universalem
1042 3798 1201 3857 Ecclesiam
1222 3798 1267 3859 his

71 3897 179 3958 veluti
193 3895 338 3960 membris,
353 3894 430 3951 nullo
444 3893 530 3950 licet
522 3904 594 3951 mter
611 3895 757 3969 plerasque
771 3893 977 3951 communionis
992 3893 1129 3951 existente
1143 3892 1266 3960 vinculo,

71 4001 232 4054 constare.
256 3990 462 4065 “Ubicumque
474 3988 582 4055 enim,’'
597 3990 688 4062 inquit
697 3988 843 4057 Calvinus,
860 3972 942 4048 “Dei
954 3989 1068 4046 verbum
1079 3989 1187 4046 sineere
1199 4006 1269 4066 pre·

71 4084 179 4148 dicari
200 4095 283 4158 atque
293 4085 397 4152 audiri,
411 4070 459 4142 ubi
480 4080 702 4157 sacramentajex
717 4086 824 4151 Christi
845 4086 971 4143 instituto
990 4084 1176 4142 administrari
1191 4083 1267 4142 vide-

71 4195 166 4251 mus,
183 4182 241 4239 illic
265 4181 396 4264 aliquant
417 4200 480 4238 esse
503 4181 559 4240 Dei
582 4182 731 4248 ecclesiam
754 4181 832 4240 nullo
855 4168 1159 4261 modo'arnbige'ndum
1178 4179 1267 4238 est.’'-¹

71 4272 268 4355 Principium
283 4277 351 4336 illud
366 4277 513 4353 adoptasse
527 4277 581 4333 visi
595 4280 661 4336 sunt
673 4277 822 4354 Anglicani
836 4277 964 4352 apposita
977 4260 1116 4346 clausula,
1132 4294 1262 4350 quaque

72 4377 254 4436 necessario
274 4374 319 4433 ex'
333 4374 439 4433 Christi
461 4375 587 4432 instituto
608 4375 642 4433 ad
672 4376 914 4433 sacramentorum
935 4377 1075 4452 pertinent
1094 4374 1264 4431 administra·

129 4527 164 4588 (l)
182 4525 245 4574 Dan.
257 4526 289 4574 ix.
305 4525 355 4573 Jer.
367 4524 432 4599 anxi.

126 4608 160 4666 (2)
176 4608 271 4657 Calain.
284 4607 364 4656 Instit.
377 4607 392 4656 l.
404 4607 436 4656 iv.
448 4623 468 4654 c.
478 4607 499 4654 l.
513 4605 526 4663 l
541 4605 576 4653 10.
