<?xml version="1.0" encoding="UTF-8"?>
<!DOCTYPE html PUBLIC "-//W3C//DTD XHTML 1.0 Transitional//EN"
    "http://www.w3.org/TR/xhtml1/DTD/xhtml1-transitional.dtd">
<html xmlns="http://www.w3.org/1999/xhtml" xml:lang="en" lang="en">
 <head>
  <title>
</title>
<meta http-equiv="Content-Type" content="text/html;charset=utf-8" />
  <meta name='ocr-system' content='tesseract 3.04.00' />
  <meta name='ocr-capabilities' content='ocr_page ocr_carea ocr_par ocr_line ocrx_word'/>
</head>
<body>
  <div class='ocr_page' id='page_1' title='image "./missing/theologidogmati00kenrgoog/theologidogmati00kenrgoog_0352.png"; bbox 0 0 2738 5032; ppageno 0'>
   <div class='ocr_carea' id='block_1_1' title="bbox 499 264 1256 363">
    <p class='ocr_par' dir='ltr' id='par_1_1' title="bbox 499 264 1256 363">
     <span class='ocr_line' id='line_1_1' title="bbox 499 264 1256 363; baseline -0.007 -33"><span class='ocrx_word' id='word_1_1' title='bbox 499 267 556 330; x_wconf 78' lang='lat' dir='ltr'><strong>ltu</strong></span> <span class='ocrx_word' id='word_1_2' title='bbox 576 264 847 327; x_wconf 76' lang='lat' dir='ltr'><strong>&#39;l&#39;Rle&#39;l&#39;IONE.</strong></span> <span class='ocrx_word' id='word_1_3' title='bbox 1083 264 1088 279; x_wconf 87' lang='lat'>&#39;</span> <span class='ocrx_word' id='word_1_4' title='bbox 1128 358 1131 363; x_wconf 28' lang='grc' dir='ltr'>Ι</span> <span class='ocrx_word' id='word_1_5' title='bbox 1196 266 1256 325; x_wconf 69' lang='lat' dir='ltr'><strong>ud</strong></span> 
     </span>
    </p>
   </div>
   <div class='ocr_carea' id='block_1_2' title="bbox 10 421 1261 4098">
    <p class='ocr_par' dir='ltr' id='par_1_2' title="bbox 69 421 1257 699">
     <span class='ocr_line' id='line_1_2' title="bbox 111 421 1252 511; baseline -0.004 -24"><span class='ocrx_word' id='word_1_6' title='bbox 111 425 179 511; x_wconf 83' lang='lat' dir='ltr'><strong>Odj.</strong></span> <span class='ocrx_word' id='word_1_7' title='bbox 194 431 224 488; x_wconf 79' lang='lat'><strong>2.</strong></span> <span class='ocrx_word' id='word_1_8' title='bbox 245 426 385 493; x_wconf 81' lang='lat' dir='ltr'><strong>Traditio,</strong></span> <span class='ocrx_word' id='word_1_9' title='bbox 399 427 465 486; x_wconf 89' lang='lat' dir='ltr'><strong>licet</strong></span> <span class='ocrx_word' id='word_1_10' title='bbox 478 427 583 486; x_wconf 76' lang='lat' dir='ltr'>utiliter</span> <span class='ocrx_word' id='word_1_11' title='bbox 595 424 760 503; x_wconf 87' lang='lat' dir='ltr'><strong>adhibeatur</strong></span> <span class='ocrx_word' id='word_1_12' title='bbox 774 422 816 491; x_wconf 76' lang='lat' dir='ltr'><strong>,ad</strong></span> <span class='ocrx_word' id='word_1_13' title='bbox 835 421 1031 483; x_wconf 71' lang='lat' dir='ltr'><strong>illustrandam</strong></span> <span class='ocrx_word' id='word_1_14' title='bbox 1051 422 1252 500; x_wconf 76' lang='lat' dir='ltr'><strong>Scripturam,¹</strong></span> 
     </span>
     <span class='ocr_line' id='line_1_3' title="bbox 69 522 1254 601; baseline -0.004 -16"><span class='ocrx_word' id='word_1_15' title='bbox 69 526 158 586; x_wconf 87' lang='lat' dir='ltr'><strong>instar</strong></span> <span class='ocrx_word' id='word_1_16' title='bbox 170 528 289 587; x_wconf 85' lang='lat' dir='ltr'><strong>eliorum</strong></span> <span class='ocrx_word' id='word_1_17' title='bbox 303 525 493 585; x_wconf 70' lang='lat' dir='ltr'>subsidiorum</span> <span class='ocrx_word' id='word_1_18' title='bbox 516 523 754 591; x_wconf 82' lang='lat' dir='ltr'><strong>Hermeneutice,</strong></span> <span class='ocrx_word' id='word_1_19' title='bbox 768 540 828 582; x_wconf 94' lang='lat' dir='ltr'><strong>non</strong></span> <span class='ocrx_word' id='word_1_20' title='bbox 849 532 943 601; x_wconf 89' lang='lat' dir='ltr'><strong>potest</strong></span> <span class='ocrx_word' id='word_1_21' title='bbox 962 522 1025 599; x_wconf 75' lang='lat' dir='ltr'><strong>eius</strong></span> <span class='ocrx_word' id='word_1_22' title='bbox 1044 536 1162 583; x_wconf 78' lang='grc' dir='ltr'><strong>ιιιιιιιιι</strong></span> <span class='ocrx_word' id='word_1_23' title='bbox 1176 532 1254 581; x_wconf 87' lang='lat' dir='ltr'><strong>cesto</strong></span> 
     </span>
     <span class='ocr_line' id='line_1_4' title="bbox 73 617 1257 699; baseline -0.003 -16"><span class='ocrx_word' id='word_1_24' title='bbox 73 623 270 693; x_wconf 86' lang='lat' dir='ltr'><strong>determinare,</strong></span> <span class='ocrx_word' id='word_1_25' title='bbox 285 640 373 697; x_wconf 88' lang='lat' dir='ltr'><strong>quum</strong></span> <span class='ocrx_word' id='word_1_26' title='bbox 387 623 458 682; x_wconf 87' lang='lat' dir='ltr'>nihil</span> <span class='ocrx_word' id='word_1_27' title='bbox 471 621 551 681; x_wconf 84' lang='lat' dir='ltr'><strong>aliud</strong></span> <span class='ocrx_word' id='word_1_28' title='bbox 570 623 610 679; x_wconf 88' lang='lat' dir='ltr'><strong>sit</strong></span> <span class='ocrx_word' id='word_1_29' title='bbox 623 620 734 679; x_wconf 93' lang='lat' dir='ltr'><strong>traditio</strong></span> <span class='ocrx_word' id='word_1_30' title='bbox 748 638 841 699; x_wconf 90' lang='lat' dir='ltr'><strong>quam</strong></span> <span class='ocrx_word' id='word_1_31' title='bbox 854 629 982 678; x_wconf 80' lang='lat' dir='ltr'><strong>veterum</strong></span> <span class='ocrx_word' id='word_1_32' title='bbox 994 617 1030 691; x_wconf 79' lang='lat' dir='ltr'><strong>de</strong></span> <span class='ocrx_word' id='word_1_33' title='bbox 1044 620 1199 699; x_wconf 71' lang='lat' dir='ltr'><strong>Scriptum·</strong></span> <span class='ocrx_word' id='word_1_34' title='bbox 1212 619 1257 679; x_wconf 90' lang='lat' dir='ltr'><strong>in·</strong></span> 
     </span>
    </p>

    <p class='ocr_par' dir='ltr' id='par_1_3' title="bbox 75 714 863 798">
     <span class='ocr_line' id='line_1_5' title="bbox 75 714 863 798; baseline -0.004 -20"><span class='ocrx_word' id='word_1_35' title='bbox 75 720 238 798; x_wconf 87' lang='lat' dir='ltr'><strong>telligentia,</strong></span> <span class='ocrx_word' id='word_1_36' title='bbox 253 738 316 793; x_wconf 81' lang='lat' dir='ltr'><strong>que</strong></span> <span class='ocrx_word' id='word_1_37' title='bbox 331 719 405 778; x_wconf 90' lang='lat' dir='ltr'><strong>haud</strong></span> <span class='ocrx_word' id='word_1_38' title='bbox 420 719 579 778; x_wconf 86' lang='lat' dir='ltr'><strong>necessario</strong></span> <span class='ocrx_word' id='word_1_39' title='bbox 594 727 638 775; x_wconf 91' lang='lat' dir='ltr'><strong>est</strong></span> <span class='ocrx_word' id='word_1_40' title='bbox 650 716 829 794; x_wconf 81' lang='lat' dir='ltr'><strong>excipienda.</strong></span> <span class='ocrx_word' id='word_1_41' title='bbox 860 714 863 719; x_wconf 77' lang='grc'><strong>’</strong></span> 
     </span>
    </p>

    <p class='ocr_par' dir='ltr' id='par_1_4' title="bbox 14 800 1259 1964">
     <span class='ocr_line' id='line_1_6' title="bbox 14 800 1255 896; baseline -0.001 -21"><span class='ocrx_word' id='word_1_42' title='bbox 14 800 19 805; x_wconf 55' lang='grc'><strong>’</strong></span> <span class='ocrx_word' id='word_1_43' title='bbox 110 816 201 896; x_wconf 81' lang='lat' dir='ltr'><strong>Rerp.</strong></span> <span class='ocrx_word' id='word_1_44' title='bbox 226 816 356 885; x_wconf 79' lang='lat' dir='ltr'><strong>Traditio</strong></span> <span class='ocrx_word' id='word_1_45' title='bbox 379 816 415 875; x_wconf 90' lang='lat' dir='ltr'><strong>de</strong></span> <span class='ocrx_word' id='word_1_46' title='bbox 439 834 495 889; x_wconf 88' lang='lat' dir='ltr'><strong>qna</strong></span> <span class='ocrx_word' id='word_1_47' title='bbox 514 815 657 889; x_wconf 89' lang='lat' dir='ltr'><strong>loquimur</strong></span> <span class='ocrx_word' id='word_1_48' title='bbox 678 825 723 873; x_wconf 90' lang='lat' dir='ltr'><strong>est</strong></span> <span class='ocrx_word' id='word_1_49' title='bbox 744 815 808 891; x_wconf 90' lang='lat' dir='ltr'><strong>ipsa</strong></span> <span class='ocrx_word' id='word_1_50' title='bbox 827 812 899 872; x_wconf 88' lang='lat' dir='ltr'><strong>lidcs</strong></span> <span class='ocrx_word' id='word_1_51' title='bbox 919 812 1058 873; x_wconf 75' lang='lat' dir='ltr'><strong>Ecclesiae</strong></span> <span class='ocrx_word' id='word_1_52' title='bbox 1077 815 1175 884; x_wconf 91' lang='lat' dir='ltr'><strong>totins,</strong></span> <span class='ocrx_word' id='word_1_53' title='bbox 1190 833 1255 890; x_wconf 85' lang='lat' dir='ltr'><strong>quer</strong></span> 
     </span>
     <span class='ocr_line' id='line_1_7' title="bbox 76 911 1256 992; baseline 0 -19"><span class='ocrx_word' id='word_1_54' title='bbox 76 914 281 992; x_wconf 78' lang='lat' dir='ltr'><strong>Seriptrrrnrum</strong></span> <span class='ocrx_word' id='word_1_55' title='bbox 302 932 402 972; x_wconf 89' lang='lat' dir='ltr'><strong>sensns</strong></span> <span class='ocrx_word' id='word_1_56' title='bbox 418 914 558 991; x_wconf 90' lang='lat' dir='ltr'><strong>optimum</strong></span> <span class='ocrx_word' id='word_1_57' title='bbox 572 922 617 971; x_wconf 90' lang='lat' dir='ltr'><strong>est</strong></span> <span class='ocrx_word' id='word_1_58' title='bbox 636 922 832 989; x_wconf 77' lang='lat' dir='ltr'><strong>argumentum</strong></span> <span class='ocrx_word' id='word_1_59' title='bbox 843 931 857 968; x_wconf 85' lang='grc' dir='ltr'><strong>ι·</strong></span> <span class='ocrx_word' id='word_1_60' title='bbox 881 928 935 969; x_wconf 89' lang='lat' dir='ltr'><strong>nec</strong></span> <span class='ocrx_word' id='word_1_61' title='bbox 953 912 1031 969; x_wconf 88' lang='lat' dir='ltr'><strong>enim</strong></span> <span class='ocrx_word' id='word_1_62' title='bbox 1049 911 1122 971; x_wconf 86' lang='lat' dir='ltr'><strong>fides</strong></span> <span class='ocrx_word' id='word_1_63' title='bbox 1142 912 1256 990; x_wconf 85' lang='lat' dir='ltr'><strong>publice</strong></span> 
     </span>
     <span class='ocr_line' id='line_1_8' title="bbox 76 1007 1255 1087; baseline 0.001 -18"><span class='ocrx_word' id='word_1_64' title='bbox 76 1011 222 1080; x_wconf 86' lang='lat' dir='ltr'><strong>declarata,</strong></span> <span class='ocrx_word' id='word_1_65' title='bbox 239 1022 268 1070; x_wconf 92' lang='lat' dir='ltr'><strong>et</strong></span> <span class='ocrx_word' id='word_1_66' title='bbox 291 1011 507 1071; x_wconf 73' lang='lat' dir='ltr'><strong>solemnioribus</strong></span> <span class='ocrx_word' id='word_1_67' title='bbox 529 1010 621 1069; x_wconf 90' lang='lat' dir='ltr'><strong>cultus</strong></span> <span class='ocrx_word' id='word_1_68' title='bbox 642 1009 753 1068; x_wconf 86' lang='lat' dir='ltr'><strong>actibus</strong></span> <span class='ocrx_word' id='word_1_69' title='bbox 774 1007 973 1077; x_wconf 87' lang='lat' dir='ltr'><strong>demonstrata,</strong></span> <span class='ocrx_word' id='word_1_70' title='bbox 992 1008 1086 1085; x_wconf 88' lang='lat' dir='ltr'><strong>potuit</strong></span> <span class='ocrx_word' id='word_1_71' title='bbox 1106 1010 1255 1087; x_wconf 90' lang='lat' dir='ltr'><strong>scripturis</strong></span> 
     </span>
     <span class='ocr_line' id='line_1_9' title="bbox 75 1098 1256 1187; baseline 0 -20"><span class='ocrx_word' id='word_1_72' title='bbox 75 1108 226 1177; x_wconf 86' lang='lat' dir='ltr'><strong>adversari,</strong></span> <span class='ocrx_word' id='word_1_73' title='bbox 240 1127 329 1182; x_wconf 89' lang='lat' dir='ltr'><strong>quum</strong></span> <span class='ocrx_word' id='word_1_74' title='bbox 342 1098 387 1167; x_wconf 77' lang='lat' dir='ltr'><strong>hia</strong></span> <span class='ocrx_word' id='word_1_75' title='bbox 400 1108 430 1167; x_wconf 93' lang='lat' dir='ltr'><strong>in</strong></span> <span class='ocrx_word' id='word_1_76' title='bbox 444 1107 576 1167; x_wconf 85' lang='lat' dir='ltr'><strong>Ecclesia</strong></span> <span class='ocrx_word' id='word_1_77' title='bbox 590 1107 681 1184; x_wconf 85' lang='lat' dir='ltr'><strong>palam</strong></span> <span class='ocrx_word' id='word_1_78' title='bbox 696 1106 865 1187; x_wconf 88' lang='lat' dir='ltr'><strong>legerentur,</strong></span> <span class='ocrx_word' id='word_1_79' title='bbox 876 1116 906 1165; x_wconf 90' lang='lat' dir='ltr'><strong>et</strong></span> <span class='ocrx_word' id='word_1_80' title='bbox 918 1105 949 1165; x_wconf 93' lang='lat' dir='ltr'><strong>in</strong></span> <span class='ocrx_word' id='word_1_81' title='bbox 962 1104 1024 1163; x_wconf 87' lang='lat' dir='ltr'><strong>dies</strong></span> <span class='ocrx_word' id='word_1_82' title='bbox 1037 1104 1256 1182; x_wconf 78' lang='lat' dir='ltr'><strong>explicarentur.</strong></span> 
     </span>
     <span class='ocr_line' id='line_1_10' title="bbox 75 1188 1258 1283; baseline 0 -20"><span class='ocrx_word' id='word_1_83' title='bbox 75 1204 142 1263; x_wconf 90' lang='lat' dir='ltr'><strong>Non</strong></span> <span class='ocrx_word' id='word_1_84' title='bbox 157 1214 201 1263; x_wconf 93' lang='lat' dir='ltr'><strong>est</strong></span> <span class='ocrx_word' id='word_1_85' title='bbox 223 1204 307 1283; x_wconf 88' lang='lat' dir='ltr'><strong>igitur</strong></span> <span class='ocrx_word' id='word_1_86' title='bbox 320 1204 477 1262; x_wconf 87' lang='lat' dir='ltr'><strong>subsidium</strong></span> <span class='ocrx_word' id='word_1_87' title='bbox 493 1188 708 1276; x_wconf 78' lang='lat' dir='ltr'><strong>qualecumque,</strong></span> <span class='ocrx_word' id='word_1_88' title='bbox 723 1202 775 1261; x_wconf 89' lang='lat' dir='ltr'><strong>sed</strong></span> <span class='ocrx_word' id='word_1_89' title='bbox 793 1202 952 1261; x_wconf 87' lang='lat' dir='ltr'><strong>certissima</strong></span> <span class='ocrx_word' id='word_1_90' title='bbox 970 1201 1042 1259; x_wconf 80' lang='lat' dir='ltr'><strong>ratio</strong></span> <span class='ocrx_word' id='word_1_91' title='bbox 1055 1202 1258 1278; x_wconf 68' lang='lat' dir='ltr'><strong>scripturarum</strong></span> 
     </span>
     <span class='ocr_line' id='line_1_11' title="bbox 78 1298 1258 1379; baseline 0.001 -20"><span class='ocrx_word' id='word_1_92' title='bbox 78 1320 195 1361; x_wconf 88' lang='lat' dir='ltr'><strong>sensum</strong></span> <span class='ocrx_word' id='word_1_93' title='bbox 205 1301 402 1379; x_wconf 69' lang='lat' dir='ltr'><strong>dignoscendit</strong></span> <span class='ocrx_word' id='word_1_94' title='bbox 414 1311 458 1358; x_wconf 88' lang='lat' dir='ltr'><strong>est</strong></span> <span class='ocrx_word' id='word_1_95' title='bbox 466 1303 542 1359; x_wconf 87' lang='lat' dir='ltr'><strong>enirn</strong></span> <span class='ocrx_word' id='word_1_96' title='bbox 552 1301 614 1377; x_wconf 86' lang='lat' dir='ltr'><strong>ipsa</strong></span> <span class='ocrx_word' id='word_1_97' title='bbox 624 1299 694 1359; x_wconf 84' lang='lat' dir='ltr'><strong>tides</strong></span> <span class='ocrx_word' id='word_1_98' title='bbox 705 1300 854 1369; x_wconf 77' lang='lat' dir='ltr'><strong>Ecclesiae,</strong></span> <span class='ocrx_word' id='word_1_99' title='bbox 861 1318 945 1373; x_wconf 82' lang='lat' dir='ltr'><strong>qnam</strong></span> <span class='ocrx_word' id='word_1_100' title='bbox 956 1298 1112 1375; x_wconf 59' lang='lat' dir='ltr'><strong>noninincit</strong></span> <span class='ocrx_word' id='word_1_101' title='bbox 1121 1298 1258 1370; x_wconf 85' lang='lat' dir='ltr'><strong>infernus,</strong></span> 
     </span>
     <span class='ocr_line' id='line_1_12' title="bbox 73 1388 1259 1476; baseline 0.001 -20"><span class='ocrx_word' id='word_1_102' title='bbox 73 1406 119 1456; x_wconf 91' lang='lat' dir='ltr'><strong>est</strong></span> <span class='ocrx_word' id='word_1_103' title='bbox 138 1399 202 1476; x_wconf 90' lang='lat' dir='ltr'><strong>ipsa</strong></span> <span class='ocrx_word' id='word_1_104' title='bbox 221 1398 379 1476; x_wconf 80' lang='lat' dir='ltr'><strong>Apostolici</strong></span> <span class='ocrx_word' id='word_1_105' title='bbox 395 1388 543 1457; x_wconf 86' lang='lat' dir='ltr'><strong>ministerii</strong></span> <span class='ocrx_word' id='word_1_106' title='bbox 565 1396 704 1466; x_wconf 87' lang='lat' dir='ltr'><strong>doctrina,</strong></span> <span class='ocrx_word' id='word_1_107' title='bbox 719 1398 765 1455; x_wconf 90' lang='lat' dir='ltr'><strong>cni</strong></span> <span class='ocrx_word' id='word_1_108' title='bbox 783 1395 907 1475; x_wconf 86' lang='lat' dir='ltr'><strong>adspirat</strong></span> <span class='ocrx_word' id='word_1_109' title='bbox 925 1395 1070 1455; x_wconf 81' lang='lat' dir='ltr'><strong>Christus.</strong></span> <span class='ocrx_word' id='word_1_110' title='bbox 1111 1396 1259 1457; x_wconf 76' lang='lat' dir='ltr'><strong>Pelluntur</strong></span> 
     </span>
     <span class='ocr_line' id='line_1_13' title="bbox 73 1495 1257 1574; baseline 0 -19"><span class='ocrx_word' id='word_1_111' title='bbox 73 1498 123 1571; x_wconf 91' lang='lat' dir='ltr'><strong>qui</strong></span> <span class='ocrx_word' id='word_1_112' title='bbox 137 1507 235 1574; x_wconf 88' lang='lat' dir='ltr'><strong>putant</strong></span> <span class='ocrx_word' id='word_1_113' title='bbox 247 1516 311 1557; x_wconf 87' lang='lat' dir='ltr'><strong>eam</strong></span> <span class='ocrx_word' id='word_1_114' title='bbox 324 1516 388 1555; x_wconf 88' lang='lat' dir='ltr'><strong>esse</strong></span> <span class='ocrx_word' id='word_1_115' title='bbox 404 1496 659 1574; x_wconf 85' lang='lat' dir='ltr'><strong>interpretationem</strong></span> <span class='ocrx_word' id='word_1_116' title='bbox 674 1495 790 1573; x_wconf 89' lang='lat' dir='ltr'><strong>ingenio</strong></span> <span class='ocrx_word' id='word_1_117' title='bbox 800 1495 998 1573; x_wconf 75' lang='lat' dir='ltr'><strong>excogitatam,</strong></span> <span class='ocrx_word' id='word_1_118' title='bbox 1009 1514 1098 1570; x_wconf 91' lang='lat' dir='ltr'><strong>quum</strong></span> <span class='ocrx_word' id='word_1_119' title='bbox 1111 1496 1152 1555; x_wconf 88' lang='lat' dir='ltr'><strong>sit</strong></span> <span class='ocrx_word' id='word_1_120' title='bbox 1160 1496 1257 1574; x_wconf 88' lang='lat' dir='ltr'><strong>potins</strong></span> 
     </span>
     <span class='ocr_line' id='line_1_14' title="bbox 72 1590 1259 1672; baseline 0.001 -20"><span class='ocrx_word' id='word_1_121' title='bbox 72 1593 137 1672; x_wconf 85' lang='lat' dir='ltr'><strong>ipsa</strong></span> <span class='ocrx_word' id='word_1_122' title='bbox 149 1593 275 1655; x_wconf 87' lang='lat' dir='ltr'><strong>doctrina</strong></span> <span class='ocrx_word' id='word_1_123' title='bbox 295 1595 330 1653; x_wconf 88' lang='lat' dir='ltr'><strong>ab</strong></span> <span class='ocrx_word' id='word_1_124' title='bbox 343 1593 428 1655; x_wconf 90' lang='lat' dir='ltr'><strong>initio·</strong></span> <span class='ocrx_word' id='word_1_125' title='bbox 443 1592 553 1661; x_wconf 89' lang='lat' dir='ltr'><strong>tradita,</strong></span> <span class='ocrx_word' id='word_1_126' title='bbox 566 1602 596 1650; x_wconf 91' lang='lat' dir='ltr'><strong>et</strong></span> <span class='ocrx_word' id='word_1_127' title='bbox 614 1590 751 1669; x_wconf 86' lang='lat' dir='ltr'><strong>deinceps</strong></span> <span class='ocrx_word' id='word_1_128' title='bbox 771 1603 891 1661; x_wconf 84' lang='lat' dir='ltr'><strong>servata,</strong></span> <span class='ocrx_word' id='word_1_129' title='bbox 905 1592 954 1652; x_wconf 88' lang='lat' dir='ltr'><strong>cui</strong></span> <span class='ocrx_word' id='word_1_130' title='bbox 966 1592 1100 1667; x_wconf 83' lang='lat' dir='ltr'><strong>equidem</strong></span> <span class='ocrx_word' id='word_1_131' title='bbox 1119 1601 1259 1653; x_wconf 84' lang='lat' dir='ltr'><strong>consonat</strong></span> 
     </span>
     <span class='ocr_line' id='line_1_15' title="bbox 72 1688 1257 1769; baseline -0.001 -19"><span class='ocrx_word' id='word_1_132' title='bbox 72 1691 228 1769; x_wconf 81' lang='lat' dir='ltr'><strong>Scriptura.</strong></span> <span class='ocrx_word' id='word_1_133' title='bbox 256 1691 347 1769; x_wconf 86' lang='lat' dir='ltr'><strong>lgltur</strong></span> <span class='ocrx_word' id='word_1_134' title='bbox 359 1708 417 1749; x_wconf 93' lang='lat' dir='ltr'><strong>non</strong></span> <span class='ocrx_word' id='word_1_135' title='bbox 430 1691 460 1749; x_wconf 94' lang='lat' dir='ltr'><strong>in</strong></span> <span class='ocrx_word' id='word_1_136' title='bbox 474 1708 509 1749; x_wconf 91' lang='lat' dir='ltr'><strong>co</strong></span> <span class='ocrx_word' id='word_1_137' title='bbox 522 1689 682 1748; x_wconf 87' lang='lat' dir='ltr'><strong>laboramus</strong></span> <span class='ocrx_word' id='word_1_138' title='bbox 696 1698 728 1747; x_wconf 93' lang='lat' dir='ltr'><strong>ut</strong></span> <span class='ocrx_word' id='word_1_139' title='bbox 741 1698 871 1747; x_wconf 86' lang='lat' dir='ltr'><strong>veterum.</strong></span> <span class='ocrx_word' id='word_1_140' title='bbox 881 1688 1097 1766; x_wconf 82' lang='lat' dir='ltr'><strong>explicationes,</strong></span> <span class='ocrx_word' id='word_1_141' title='bbox 1112 1708 1183 1763; x_wconf 86' lang='lat' dir='ltr'><strong>qnae</strong></span> <span class='ocrx_word' id='word_1_142' title='bbox 1197 1690 1257 1749; x_wconf 87' lang='lat' dir='ltr'><strong>sio·</strong></span> 
     </span>
     <span class='ocr_line' id='line_1_16' title="bbox 73 1786 1258 1874; baseline 0.001 -26"><span class='ocrx_word' id='word_1_143' title='bbox 73 1790 134 1868; x_wconf 89' lang='lat' dir='ltr'><strong>guli</strong></span> <span class='ocrx_word' id='word_1_144' title='bbox 148 1790 352 1868; x_wconf 83' lang='lat' dir='ltr'><strong>excogitarunt,</strong></span> <span class='ocrx_word' id='word_1_145' title='bbox 369 1788 601 1874; x_wconf 83' lang='lat' dir='ltr'><strong>statuemue,sed</strong></span> <span class='ocrx_word' id='word_1_146' title='bbox 613 1796 647 1846; x_wconf 92' lang='lat' dir='ltr'><strong>ut</strong></span> <span class='ocrx_word' id='word_1_147' title='bbox 666 1788 799 1866; x_wconf 87' lang='lat' dir='ltr'><strong>dogmata</strong></span> <span class='ocrx_word' id='word_1_148' title='bbox 817 1787 946 1846; x_wconf 86' lang='lat' dir='ltr'><strong>omnium</strong></span> <span class='ocrx_word' id='word_1_149' title='bbox 958 1786 1015 1845; x_wconf 87' lang='lat' dir='ltr'><strong>tide</strong></span> <span class='ocrx_word' id='word_1_150' title='bbox 1029 1799 1058 1846; x_wconf 93' lang='lat' dir='ltr'><strong>et</strong></span> <span class='ocrx_word' id='word_1_151' title='bbox 1077 1788 1258 1849; x_wconf 79' lang='lat' dir='ltr'><strong>consessione</strong></span> 
     </span>
     <span class='ocr_line' id='line_1_17' title="bbox 71 1885 845 1964; baseline -0.001 -19"><span class='ocrx_word' id='word_1_152' title='bbox 71 1887 210 1946; x_wconf 89' lang='lat' dir='ltr'><strong>celebrata</strong></span> <span class='ocrx_word' id='word_1_153' title='bbox 223 1888 253 1946; x_wconf 90' lang='lat' dir='ltr'><strong>in</strong></span> <span class='ocrx_word' id='word_1_154' title='bbox 266 1887 393 1964; x_wconf 85' lang='lat' dir='ltr'><strong>regulam</strong></span> <span class='ocrx_word' id='word_1_155' title='bbox 407 1887 594 1946; x_wconf 88' lang='lat' dir='ltr'><strong>certissimam</strong></span> <span class='ocrx_word' id='word_1_156' title='bbox 608 1885 675 1945; x_wconf 89' lang='lat' dir='ltr'><strong>fidei</strong></span> <span class='ocrx_word' id='word_1_157' title='bbox 689 1896 845 1945; x_wconf 88' lang='lat' dir='ltr'><strong>sumantur.</strong></span> 
     </span>
    </p>

    <p class='ocr_par' dir='ltr' id='par_1_5' title="bbox 66 1980 1260 2446">
     <span class='ocr_line' id='line_1_18' title="bbox 113 1980 1251 2064; baseline 0.001 -22"><span class='ocrx_word' id='word_1_158' title='bbox 113 1983 180 2064; x_wconf 85' lang='lat' dir='ltr'><strong>Obj.</strong></span> <span class='ocrx_word' id='word_1_159' title='bbox 196 1990 224 2043; x_wconf 83' lang='lat' dir='ltr'><strong>a.</strong></span> <span class='ocrx_word' id='word_1_160' title='bbox 245 1984 375 2042; x_wconf 88' lang='lat' dir='ltr'><strong>Traditio</strong></span> <span class='ocrx_word' id='word_1_161' title='bbox 393 2003 470 2062; x_wconf 78' lang='lat' dir='ltr'><strong>sepe</strong></span> <span class='ocrx_word' id='word_1_162' title='bbox 484 1986 615 2043; x_wconf 87' lang='lat' dir='ltr'><strong>obscurat</strong></span> <span class='ocrx_word' id='word_1_163' title='bbox 632 1995 662 2042; x_wconf 91' lang='lat' dir='ltr'><strong>et</strong></span> <span class='ocrx_word' id='word_1_164' title='bbox 679 1980 827 2058; x_wconf 89' lang='lat' dir='ltr'><strong>detorquet</strong></span> <span class='ocrx_word' id='word_1_165' title='bbox 840 1984 1011 2061; x_wconf 84' lang='lat' dir='ltr'><strong>Scripturas,</strong></span> <span class='ocrx_word' id='word_1_166' title='bbox 1025 1994 1199 2061; x_wconf 84' lang='lat' dir='ltr'><strong>quapropter</strong></span> <span class='ocrx_word' id='word_1_167' title='bbox 1220 1984 1251 2043; x_wconf 92' lang='lat' dir='ltr'><strong>id</strong></span> 
     </span>
     <span class='ocr_line' id='line_1_19' title="bbox 70 2079 1258 2159; baseline 0.001 -19"><span class='ocrx_word' id='word_1_168' title='bbox 70 2081 225 2140; x_wconf 81' lang='lat' dir='ltr'><strong>Pharisaeis</strong></span> <span class='ocrx_word' id='word_1_169' title='bbox 239 2081 419 2156; x_wconf 80' lang='lat' dir='ltr'><strong>exprobravit</strong></span> <span class='ocrx_word' id='word_1_170' title='bbox 432 2081 583 2140; x_wconf 77' lang='lat' dir='ltr'><strong>Christus:</strong></span> <span class='ocrx_word' id='word_1_171' title='bbox 606 2090 626 2143; x_wconf 54' lang='grc' dir='ltr'><strong>ἢ*</strong></span> <span class='ocrx_word' id='word_1_172' title='bbox 635 2081 744 2140; x_wconf 86' lang='lat' dir='ltr'><strong>irritum</strong></span> <span class='ocrx_word' id='word_1_173' title='bbox 757 2081 865 2140; x_wconf 82' lang='lat' dir='ltr'><strong>fecistis</strong></span> <span class='ocrx_word' id='word_1_174' title='bbox 880 2079 1043 2141; x_wconf 87' lang='lat' dir='ltr'><strong>mandatum</strong></span> <span class='ocrx_word' id='word_1_175' title='bbox 1063 2080 1131 2140; x_wconf 87' lang='lat' dir='ltr'><strong>Dei&#39;</strong></span> <span class='ocrx_word' id='word_1_176' title='bbox 1141 2092 1258 2159; x_wconf 90' lang='lat' dir='ltr'><strong>propter</strong></span> 
     </span>
     <span class='ocr_line' id='line_1_20' title="bbox 69 2176 1258 2256; baseline 0.003 -20"><span class='ocrx_word' id='word_1_177' title='bbox 69 2176 251 2236; x_wconf 83' lang='lat' dir='ltr'><strong>traditionem</strong></span> <span class='ocrx_word' id='word_1_178' title='bbox 271 2186 394 2235; x_wconf 64' lang='lat' dir='ltr'><strong>vescam</strong></span> <span class='ocrx_word' id='word_1_179' title='bbox 403 2177 449 2245; x_wconf 75' lang='lat'><strong>3⁹⁹⁸</strong></span> <span class='ocrx_word' id='word_1_180' title='bbox 461 2188 490 2237; x_wconf 87' lang='lat' dir='ltr'><strong>et</strong></span> <span class='ocrx_word' id='word_1_181' title='bbox 510 2178 605 2254; x_wconf 87' lang='lat' dir='ltr'><strong>plures</strong></span> <span class='ocrx_word' id='word_1_182' title='bbox 620 2179 743 2236; x_wconf 88' lang='lat' dir='ltr'><strong>correxit</strong></span> <span class='ocrx_word' id='word_1_183' title='bbox 755 2179 1000 2256; x_wconf 76' lang='lat' dir='ltr'><strong>interpretationes</strong></span> <span class='ocrx_word' id='word_1_184' title='bbox 1013 2179 1176 2256; x_wconf 72' lang='lat' dir='ltr'><strong>Scripturas,</strong></span> <span class='ocrx_word' id='word_1_185' title='bbox 1192 2198 1258 2254; x_wconf 75' lang='lat' dir='ltr'><strong>que)</strong></span> 
     </span>
     <span class='ocr_line' id='line_1_21' title="bbox 68 2258 1260 2350; baseline 0.003 -18"><span class='ocrx_word' id='word_1_186' title='bbox 68 2271 220 2332; x_wconf 88' lang='lat' dir='ltr'><strong>traditione</strong></span> <span class='ocrx_word' id='word_1_187' title='bbox 234 2272 418 2330; x_wconf 82' lang='lat' dir='ltr'><strong>nitebantur.&#39;</strong></span> <span class='ocrx_word' id='word_1_188' title='bbox 455 2272 522 2349; x_wconf 88' lang='lat' dir='ltr'><strong>Ipsa</strong></span> <span class='ocrx_word' id='word_1_189' title='bbox 535 2272 651 2350; x_wconf 89' lang='lat' dir='ltr'><strong>rejectio</strong></span> <span class='ocrx_word' id='word_1_190' title='bbox 664 2258 774 2331; x_wconf 83' lang='lat' dir='ltr'><strong>Christi</strong></span> <span class='ocrx_word' id='word_1_191' title='bbox 788 2290 826 2332; x_wconf 89' lang='lat' dir='ltr'><strong>ex</strong></span> <span class='ocrx_word' id='word_1_192' title='bbox 839 2273 987 2333; x_wconf 86' lang='lat' dir='ltr'><strong>traditione</strong></span> <span class='ocrx_word' id='word_1_193' title='bbox 1001 2285 1094 2333; x_wconf 91' lang='lat' dir='ltr'><strong>ortum</strong></span> <span class='ocrx_word' id='word_1_194' title='bbox 1107 2275 1260 2347; x_wconf 66' lang='lat' dir='ltr'><strong>habuitne</strong></span> 
     </span>
     <span class='ocr_line' id='line_1_22' title="bbox 66 2360 1148 2446; baseline 0 -19"><span class='ocrx_word' id='word_1_195' title='bbox 66 2368 147 2427; x_wconf 92' lang='lat' dir='ltr'><strong>cuim</strong></span> <span class='ocrx_word' id='word_1_196' title='bbox 158 2360 233 2427; x_wconf 79' lang='lat' dir='ltr'><strong>¹(lucc</strong></span> <span class='ocrx_word' id='word_1_197' title='bbox 247 2369 498 2444; x_wconf 86' lang='lat' dir='ltr'><strong>interpretabantur</strong></span> <span class='ocrx_word' id='word_1_198' title='bbox 511 2368 642 2426; x_wconf 87' lang='lat' dir='ltr'><strong>r&#39;aticinia</strong></span> <span class='ocrx_word' id='word_1_199' title='bbox 656 2367 691 2426; x_wconf 91' lang='lat' dir='ltr'><strong>de</strong></span> <span class='ocrx_word' id='word_1_200' title='bbox 705 2387 794 2446; x_wconf 89' lang='lat' dir='ltr'><strong>regno</strong></span> <span class='ocrx_word' id='word_1_201' title='bbox 807 2370 981 2446; x_wconf 79' lang='lat' dir='ltr'><strong>temporali.⁴</strong></span> <span class='ocrx_word' id='word_1_202' title='bbox 1145 2382 1148 2387; x_wconf 86' lang='grc'><strong>’</strong></span> 
     </span>
    </p>

    <p class='ocr_par' dir='ltr' id='par_1_6' title="bbox 10 2464 1261 4098">
     <span class='ocr_line' id='line_1_23' title="bbox 10 2464 1257 2548; baseline 0.008 -25"><span class='ocrx_word' id='word_1_203' title='bbox 10 2472 13 2477; x_wconf 88' lang='grc'><strong>“</strong></span> <span class='ocrx_word' id='word_1_204' title='bbox 109 2464 199 2545; x_wconf 82' lang='lat' dir='ltr'><strong>Resp.</strong></span> <span class='ocrx_word' id='word_1_205' title='bbox 221 2467 341 2527; x_wconf 85' lang='lat' dir='ltr'><strong>Publica</strong></span> <span class='ocrx_word' id='word_1_206' title='bbox 351 2466 399 2525; x_wconf 84' lang='lat' dir='ltr'><strong>ille</strong></span> <span class='ocrx_word' id='word_1_207' title='bbox 410 2466 587 2526; x_wconf 89' lang='lat' dir='ltr'><strong>Universalis</strong></span> <span class='ocrx_word' id='word_1_208' title='bbox 602 2466 740 2526; x_wconf 78' lang='lat' dir='ltr'><strong>Ecclesiae</strong></span> <span class='ocrx_word' id='word_1_209' title='bbox 753 2466 825 2525; x_wconf 83' lang='lat' dir='ltr'><strong>tides</strong></span> <span class='ocrx_word' id='word_1_210' title='bbox 836 2468 1015 2544; x_wconf 85' lang='lat' dir='ltr'><strong>amajoribus</strong></span> <span class='ocrx_word' id='word_1_211' title='bbox 1026 2468 1159 2540; x_wconf 63' lang='lat' dir='ltr'><strong>mnsam,</strong></span> <span class='ocrx_word' id='word_1_212' title='bbox 1171 2490 1257 2548; x_wconf 86' lang='lat' dir='ltr'><strong>qnam</strong></span> 
     </span>
     <span class='ocr_line' id='line_1_24' title="bbox 71 2560 1259 2646; baseline 0.006 -24"><span class='ocrx_word' id='word_1_213' title='bbox 71 2562 252 2623; x_wconf 85' lang='lat' dir='ltr'><strong>traditionem</strong></span> <span class='ocrx_word' id='word_1_214' title='bbox 273 2560 440 2640; x_wconf 87' lang='lat' dir='ltr'><strong>&#39;nuncupare</strong></span> <span class='ocrx_word' id='word_1_215' title='bbox 465 2563 581 2640; x_wconf 87' lang='lat' dir='ltr'><strong>placuit,</strong></span> <span class='ocrx_word' id='word_1_216' title='bbox 604 2580 760 2637; x_wconf 86' lang='lat' dir='ltr'><strong>numquam</strong></span> <span class='ocrx_word' id='word_1_217' title='bbox 779 2560 931 2643; x_wconf 88' lang='lat' dir='ltr'><strong>caliginem</strong></span> <span class='ocrx_word' id='word_1_218' title='bbox 956 2565 1080 2639; x_wconf 87' lang='lat' dir='ltr'><strong>aliquam</strong></span> <span class='ocrx_word' id='word_1_219' title='bbox 1104 2567 1259 2646; x_wconf 70' lang='lat' dir='ltr'><strong>scripturis</strong></span> 
     </span>
     <span class='ocr_line' id='line_1_25' title="bbox 70 2658 1257 2739; baseline 0.004 -21"><span class='ocrx_word' id='word_1_220' title='bbox 70 2658 206 2727; x_wconf 83' lang='lat' dir='ltr'><strong>offundit,</strong></span> <span class='ocrx_word' id='word_1_221' title='bbox 218 2658 271 2719; x_wconf 81' lang='lat' dir='ltr'><strong>sed</strong></span> <span class='ocrx_word' id='word_1_222' title='bbox 284 2677 334 2717; x_wconf 87' lang='lat' dir='ltr'><strong>eas</strong></span> <span class='ocrx_word' id='word_1_223' title='bbox 352 2658 505 2735; x_wconf 88' lang='lat' dir='ltr'><strong>splendore</strong></span> <span class='ocrx_word' id='word_1_224' title='bbox 519 2659 642 2732; x_wconf 91' lang='lat' dir='ltr'><strong>quodam</strong></span> <span class='ocrx_word' id='word_1_225' title='bbox 663 2659 837 2719; x_wconf 86' lang='lat' dir='ltr'><strong>circumdat:</strong></span> <span class='ocrx_word' id='word_1_226' title='bbox 859 2661 950 2736; x_wconf 85' lang='lat' dir='ltr'><strong>magis</strong></span> <span class='ocrx_word' id='word_1_227' title='bbox 971 2662 1047 2719; x_wconf 88' lang='lat' dir='ltr'><strong>enim</strong></span> <span class='ocrx_word' id='word_1_228' title='bbox 1068 2662 1175 2721; x_wconf 81' lang='lat' dir='ltr'><strong>darent</strong></span> <span class='ocrx_word' id='word_1_229' title='bbox 1193 2683 1257 2739; x_wconf 75' lang='lat' dir='ltr'><strong>qum</strong></span> 
     </span>
     <span class='ocr_line' id='line_1_26' title="bbox 69 2746 1258 2834; baseline 0.004 -19"><span class='ocrx_word' id='word_1_230' title='bbox 69 2757 176 2830; x_wconf 89' lang='lat' dir='ltr'><strong>ubique</strong></span> <span class='ocrx_word' id='word_1_231' title='bbox 196 2774 248 2834; x_wconf 88' lang='lat' dir='ltr'><strong>per</strong></span> <span class='ocrx_word' id='word_1_232' title='bbox 261 2757 359 2815; x_wconf 89' lang='lat' dir='ltr'><strong>orbem</strong></span> <span class='ocrx_word' id='word_1_233' title='bbox 370 2746 566 2832; x_wconf 75' lang='lat' dir='ltr'><strong>predicantur</strong></span> <span class='ocrx_word' id='word_1_234' title='bbox 579 2755 610 2813; x_wconf 92' lang='lat' dir='ltr'><strong>in</strong></span> <span class='ocrx_word' id='word_1_235' title='bbox 624 2756 777 2831; x_wconf 87' lang='lat' dir='ltr'><strong>suggestis,</strong></span> <span class='ocrx_word' id='word_1_236' title='bbox 792 2764 931 2814; x_wconf 89' lang='lat' dir='ltr'><strong>canuntur</strong></span> <span class='ocrx_word' id='word_1_237' title='bbox 942 2754 979 2812; x_wconf 88' lang='lat' dir='ltr'><strong>ad</strong></span> <span class='ocrx_word' id='word_1_238' title='bbox 992 2756 1088 2825; x_wconf 84' lang='lat' dir='ltr'><strong>altare,</strong></span> <span class='ocrx_word' id='word_1_239' title='bbox 1103 2770 1131 2815; x_wconf 93' lang='lat' dir='ltr'><strong>et</strong></span> <span class='ocrx_word' id='word_1_240' title='bbox 1145 2776 1258 2820; x_wconf 87' lang='lat' dir='ltr'><strong>morum</strong></span> 
     </span>
     <span class='ocr_line' id='line_1_27' title="bbox 69 2848 1259 2926; baseline 0.002 -15"><span class='ocrx_word' id='word_1_241' title='bbox 69 2848 327 2925; x_wconf 84' lang='lat' dir='ltr'><strong>exercitiorumque</strong></span> <span class='ocrx_word' id='word_1_242' title='bbox 349 2852 477 2910; x_wconf 90' lang='lat' dir='ltr'><strong>omnium</strong></span> <span class='ocrx_word' id='word_1_243' title='bbox 497 2849 609 2926; x_wconf 91' lang='lat' dir='ltr'><strong>pietatis</strong></span> <span class='ocrx_word' id='word_1_244' title='bbox 630 2849 846 2909; x_wconf 82' lang='lat' dir='ltr'><strong>fundamentum</strong></span> <span class='ocrx_word' id='word_1_245' title='bbox 868 2849 1016 2918; x_wconf 87' lang='lat' dir='ltr'><strong>habentur,</strong></span> <span class='ocrx_word' id='word_1_246' title='bbox 1035 2869 1120 2924; x_wconf 88' lang='lat' dir='ltr'><strong>quam</strong></span> <span class='ocrx_word' id='word_1_247' title='bbox 1141 2870 1206 2925; x_wconf 83' lang='lat' dir='ltr'><strong>qure</strong></span> <span class='ocrx_word' id='word_1_248' title='bbox 1227 2853 1259 2913; x_wconf 93' lang='lat' dir='ltr'><strong>in</strong></span> 
     </span>
     <span class='ocr_line' id='line_1_28' title="bbox 64 2944 1258 3029; baseline -0.001 -20"><span class='ocrx_word' id='word_1_249' title='bbox 64 2951 141 3009; x_wconf 85' lang='lat' dir='ltr'><strong>libro</strong></span> <span class='ocrx_word' id='word_1_250' title='bbox 155 2948 266 3027; x_wconf 80' lang='lat' dir='ltr'><strong>¹:jacent</strong></span> <span class='ocrx_word' id='word_1_251' title='bbox 307 2948 407 3024; x_wconf 84' lang='lat' dir='ltr'><strong>Irouga</strong></span> <span class='ocrx_word' id='word_1_252' title='bbox 428 2949 463 3005; x_wconf 92' lang='lat' dir='ltr'><strong>ab</strong></span> <span class='ocrx_word' id='word_1_253' title='bbox 485 2966 519 3005; x_wconf 86' lang='lat' dir='ltr'><strong>aa</strong></span> <span class='ocrx_word' id='word_1_254' title='bbox 535 2944 691 3004; x_wconf 83' lang='lat' dir='ltr'><strong>traditione</strong></span> <span class='ocrx_word' id='word_1_255' title='bbox 711 2944 796 3003; x_wconf 88' lang='lat' dir='ltr'><strong>distat</strong></span> <span class='ocrx_word' id='word_1_256' title='bbox 820 2945 984 3005; x_wconf 81' lang='lat' dir='ltr'><strong>Pharisaina</strong></span> <span class='ocrx_word' id='word_1_257' title='bbox 1003 2946 1051 3005; x_wconf 86' lang='lat' dir='ltr'><strong>illa</strong></span> <span class='ocrx_word' id='word_1_258' title='bbox 1071 2946 1199 3008; x_wconf 87' lang='lat' dir='ltr'><strong>doctriua</strong></span> <span class='ocrx_word' id='word_1_259' title='bbox 1221 2948 1258 3029; x_wconf 88' lang='lat' dir='ltr'><strong>de</strong></span> 
     </span>
     <span class='ocr_line' id='line_1_29' title="bbox 70 3031 1256 3124; baseline 0.002 -17"><span class='ocrx_word' id='word_1_260' title='bbox 70 3067 187 3108; x_wconf 89' lang='lat' dir='ltr'><strong>munere</strong></span> <span class='ocrx_word' id='word_1_261' title='bbox 208 3048 309 3106; x_wconf 75' lang='lat' dir='ltr'><strong>atilio</strong></span> <span class='ocrx_word' id='word_1_262' title='bbox 333 3045 425 3105; x_wconf 89' lang='lat' dir='ltr'><strong>dando</strong></span> <span class='ocrx_word' id='word_1_263' title='bbox 448 3045 524 3120; x_wconf 90' lang='lat' dir='ltr'><strong>quod</strong></span> <span class='ocrx_word' id='word_1_264' title='bbox 545 3031 626 3124; x_wconf 81' lang='lat' dir='ltr'><strong>patri</strong></span> <span class='ocrx_word' id='word_1_265' title='bbox 638 3043 796 3122; x_wconf 85' lang='lat' dir='ltr'><strong>prodesset,</strong></span> <span class='ocrx_word' id='word_1_266' title='bbox 816 3045 871 3103; x_wconf 88' lang='lat' dir='ltr'><strong>etsi</strong></span> <span class='ocrx_word' id='word_1_267' title='bbox 891 3044 997 3105; x_wconf 82' lang='lat' dir='ltr'><strong>violato</strong></span> <span class='ocrx_word' id='word_1_268' title='bbox 1016 3046 1129 3124; x_wconf 88' lang='lat' dir='ltr'><strong>pietatis</strong></span> <span class='ocrx_word' id='word_1_269' title='bbox 1149 3048 1256 3109; x_wconf 81' lang='lat' dir='ltr'><strong>officio.</strong></span> 
     </span>
     <span class='ocr_line' id='line_1_30' title="bbox 71 3141 1256 3220; baseline 0.001 -16"><span class='ocrx_word' id='word_1_270' title='bbox 71 3145 147 3204; x_wconf 76' lang='lat' dir='ltr'><strong>Haec</strong></span> <span class='ocrx_word' id='word_1_271' title='bbox 159 3145 268 3203; x_wconf 86' lang='lat' dir='ltr'><strong>irritum</strong></span> <span class='ocrx_word' id='word_1_272' title='bbox 292 3144 359 3202; x_wconf 83' lang='lat' dir='ltr'><strong>lecit</strong></span> <span class='ocrx_word' id='word_1_273' title='bbox 378 3142 434 3201; x_wconf 87' lang='lat' dir='ltr'><strong>Dei</strong></span> <span class='ocrx_word' id='word_1_274' title='bbox 448 3142 621 3211; x_wconf 85' lang='lat' dir='ltr'><strong>mandatum,</strong></span> <span class='ocrx_word' id='word_1_275' title='bbox 636 3160 690 3209; x_wconf 87' lang='lat' dir='ltr'><strong>nec</strong></span> <span class='ocrx_word' id='word_1_276' title='bbox 710 3141 804 3220; x_wconf 85' lang='lat' dir='ltr'><strong>gentis</strong></span> <span class='ocrx_word' id='word_1_277' title='bbox 817 3141 904 3201; x_wconf 87' lang='lat' dir='ltr'><strong>iidem</strong></span> <span class='ocrx_word' id='word_1_278' title='bbox 925 3143 1068 3220; x_wconf 88' lang='lat' dir='ltr'><strong>publicam</strong></span> <span class='ocrx_word' id='word_1_279' title='bbox 1088 3144 1187 3204; x_wconf 85' lang='lat' dir='ltr'><strong>hebuit</strong></span> <span class='ocrx_word' id='word_1_280' title='bbox 1201 3146 1256 3206; x_wconf 91' lang='lat' dir='ltr'><strong>sibi</strong></span> 
     </span>
     <span class='ocr_line' id='line_1_31' title="bbox 68 3230 1259 3319; baseline 0 -20"><span class='ocrx_word' id='word_1_281' title='bbox 68 3241 270 3319; x_wconf 81' lang='lat' dir='ltr'><strong>suffragantem</strong></span> <span class='ocrx_word' id='word_1_282' title='bbox 282 3260 290 3308; x_wconf 90' lang='lat'><strong>;</strong></span> <span class='ocrx_word' id='word_1_283' title='bbox 305 3239 357 3299; x_wconf 85' lang='lat' dir='ltr'><strong>scd</strong></span> <span class='ocrx_word' id='word_1_284' title='bbox 367 3240 421 3298; x_wconf 84' lang='lat' dir='ltr'><strong>suit</strong></span> <span class='ocrx_word' id='word_1_285' title='bbox 429 3238 617 3314; x_wconf 87' lang='lat' dir='ltr'><strong>quorumdam</strong></span> <span class='ocrx_word' id='word_1_286' title='bbox 628 3256 745 3316; x_wconf 84' lang='lat' dir='ltr'><strong>pravum</strong></span> <span class='ocrx_word' id='word_1_287' title='bbox 760 3230 933 3316; x_wconf 86' lang='lat' dir='ltr'><strong>principium</strong></span> <span class='ocrx_word' id='word_1_288' title='bbox 945 3239 1020 3298; x_wconf 89' lang='lat' dir='ltr'><strong>haud</strong></span> <span class='ocrx_word' id='word_1_289' title='bbox 1031 3250 1106 3297; x_wconf 87' lang='lat' dir='ltr'><strong>certe</strong></span> <span class='ocrx_word' id='word_1_290' title='bbox 1114 3240 1259 3299; x_wconf 86' lang='lat' dir='ltr'><strong>ebultims</strong></span> 
     </span>
     <span class='ocr_line' id='line_1_32' title="bbox 70 3335 1261 3414; baseline 0 -17"><span class='ocrx_word' id='word_1_291' title='bbox 70 3339 236 3412; x_wconf 86' lang='lat' dir='ltr'><strong>antiquitate</strong></span> <span class='ocrx_word' id='word_1_292' title='bbox 249 3336 369 3396; x_wconf 87' lang='lat' dir='ltr'><strong>Judaica</strong></span> <span class='ocrx_word' id='word_1_293' title='bbox 389 3338 518 3414; x_wconf 85' lang='lat' dir='ltr'><strong>petitum.</strong></span> <span class='ocrx_word' id='word_1_294' title='bbox 540 3336 625 3405; x_wconf 84' lang='lat' dir='ltr'><strong>Quod</strong></span> <span class='ocrx_word' id='word_1_295' title='bbox 639 3347 733 3395; x_wconf 85' lang='lat' dir='ltr'><strong>autem</strong></span> <span class='ocrx_word' id='word_1_296' title='bbox 748 3335 881 3395; x_wconf 80' lang='lat' dir='ltr'><strong>Christus</strong></span> <span class='ocrx_word' id='word_1_297' title='bbox 895 3336 1050 3395; x_wconf 87' lang='lat' dir='ltr'><strong>correxerit</strong></span> <span class='ocrx_word' id='word_1_298' title='bbox 1062 3354 1112 3394; x_wconf 88' lang='lat' dir='ltr'><strong>eos</strong></span> <span class='ocrx_word' id='word_1_299' title='bbox 1126 3337 1176 3409; x_wconf 89' lang='lat' dir='ltr'><strong>qui</strong></span> <span class='ocrx_word' id='word_1_300' title='bbox 1190 3336 1261 3397; x_wconf 83' lang='lat' dir='ltr'><strong>odio</strong></span> 
     </span>
     <span class='ocr_line' id='line_1_33' title="bbox 69 3433 1258 3513; baseline -0.003 -16"><span class='ocrx_word' id='word_1_301' title='bbox 69 3437 217 3497; x_wconf 84' lang='lat' dir='ltr'><strong>habendos</strong></span> <span class='ocrx_word' id='word_1_302' title='bbox 243 3436 375 3495; x_wconf 89' lang='lat' dir='ltr'><strong>inimicos</strong></span> <span class='ocrx_word' id='word_1_303' title='bbox 402 3436 551 3504; x_wconf 88' lang='lat' dir='ltr'><strong>docebant,</strong></span> <span class='ocrx_word' id='word_1_304' title='bbox 574 3435 667 3513; x_wconf 84' lang='lat' dir='ltr'><strong>legem</strong></span> <span class='ocrx_word' id='word_1_305' title='bbox 694 3435 729 3492; x_wconf 90' lang='lat' dir='ltr'><strong>de</strong></span> <span class='ocrx_word' id='word_1_306' title='bbox 757 3433 1054 3511; x_wconf 83' lang='lat' dir='ltr'><strong>proximidilectione</strong></span> <span class='ocrx_word' id='word_1_307' title='bbox 1072 3434 1147 3490; x_wconf 86' lang='lat' dir='ltr'><strong>male</strong></span> <span class='ocrx_word' id='word_1_308' title='bbox 1173 3434 1258 3494; x_wconf 80' lang='lat' dir='ltr'><strong>intes·</strong></span> 
     </span>
     <span class='ocr_line' id='line_1_34' title="bbox 68 3531 1258 3613; baseline -0.001 -21"><span class='ocrx_word' id='word_1_309' title='bbox 68 3535 180 3613; x_wconf 76' lang='lat' dir='ltr'><strong>prelati,</strong></span> <span class='ocrx_word' id='word_1_310' title='bbox 190 3552 248 3595; x_wconf 89' lang='lat' dir='ltr'><strong>nun</strong></span> <span class='ocrx_word' id='word_1_311' title='bbox 262 3532 361 3611; x_wconf 89' lang='lat' dir='ltr'><strong>probat</strong></span> <span class='ocrx_word' id='word_1_312' title='bbox 370 3550 433 3591; x_wconf 88' lang='lat' dir='ltr'><strong>eam</strong></span> <span class='ocrx_word' id='word_1_313' title='bbox 447 3533 541 3591; x_wconf 76' lang='lat' dir='ltr'><strong>inisse·</strong></span> <span class='ocrx_word' id='word_1_314' title='bbox 550 3533 635 3591; x_wconf 88' lang='lat' dir='ltr'><strong>totius</strong></span> <span class='ocrx_word' id='word_1_315' title='bbox 649 3532 741 3609; x_wconf 86' lang='lat' dir='ltr'><strong>gentis</strong></span> <span class='ocrx_word' id='word_1_316' title='bbox 753 3531 941 3599; x_wconf 84' lang='lat' dir='ltr'><strong>traditionem,</strong></span> <span class='ocrx_word' id='word_1_317' title='bbox 953 3550 1042 3605; x_wconf 89' lang='lat' dir='ltr'><strong>quum</strong></span> <span class='ocrx_word' id='word_1_318' title='bbox 1056 3531 1190 3608; x_wconf 84' lang='lat' dir='ltr'><strong>pleraque</strong></span> <span class='ocrx_word' id='word_1_319' title='bbox 1199 3533 1258 3595; x_wconf 90' lang='lat' dir='ltr'><strong>illie</strong></span> 
     </span>
     <span class='ocr_line' id='line_1_35' title="bbox 68 3630 1257 3711; baseline 0.001 -18"><span class='ocrx_word' id='word_1_320' title='bbox 68 3632 156 3693; x_wconf 84' lang='lat' dir='ltr'><strong>relata</strong></span> <span class='ocrx_word' id='word_1_321' title='bbox 169 3631 204 3690; x_wconf 84' lang='lat' dir='ltr'><strong>nd</strong></span> <span class='ocrx_word' id='word_1_322' title='bbox 218 3632 416 3711; x_wconf 89' lang='lat' dir='ltr'><strong>magistrorum</strong></span> <span class='ocrx_word' id='word_1_323' title='bbox 432 3630 617 3704; x_wconf 88' lang='lat' dir='ltr'><strong>quorumdam</strong></span> <span class='ocrx_word' id='word_1_324' title='bbox 629 3630 673 3688; x_wconf 91' lang='lat' dir='ltr'><strong>sui</strong></span> <span class='ocrx_word' id='word_1_325' title='bbox 684 3630 820 3707; x_wconf 89' lang='lat' dir='ltr'><strong>temporis</strong></span> <span class='ocrx_word' id='word_1_326' title='bbox 835 3648 935 3707; x_wconf 83' lang='lat' dir='ltr'><strong>pravas</strong></span> <span class='ocrx_word' id='word_1_327' title='bbox 947 3631 1257 3694; x_wconf 79' lang='lat' dir='ltr'><strong>sennnuasrideansrr</strong></span> 
     </span>
     <span class='ocr_line' id='line_1_36' title="bbox 66 3720 1256 3808; baseline 0.002 -19"><span class='ocrx_word' id='word_1_328' title='bbox 66 3741 206 3808; x_wconf 86' lang='lat' dir='ltr'><strong>spectare.</strong></span> <span class='ocrx_word' id='word_1_329' title='bbox 247 3728 378 3807; x_wconf 74' lang='lat' dir='ltr'><strong>Reiectio</strong></span> <span class='ocrx_word' id='word_1_330' title='bbox 392 3720 484 3787; x_wconf 80' lang='lat' dir='ltr'><strong>alitem</strong></span> <span class='ocrx_word' id='word_1_331' title='bbox 500 3728 617 3793; x_wconf 74' lang='lat' dir='ltr'><strong>Messias</strong></span> <span class='ocrx_word' id='word_1_332' title='bbox 630 3747 668 3787; x_wconf 88' lang='lat' dir='ltr'><strong>ex</strong></span> <span class='ocrx_word' id='word_1_333' title='bbox 680 3727 855 3805; x_wconf 78' lang='lat' dir='ltr'><strong>prejudiciis</strong></span> <span class='ocrx_word' id='word_1_334' title='bbox 874 3728 966 3805; x_wconf 91' lang='lat' dir='ltr'><strong>gentis</strong></span> <span class='ocrx_word' id='word_1_335' title='bbox 980 3728 1084 3796; x_wconf 83' lang='lat' dir='ltr'><strong>evenit,</strong></span> <span class='ocrx_word' id='word_1_336' title='bbox 1099 3748 1161 3789; x_wconf 77' lang='lat' dir='ltr'><strong>sue</strong></span> <span class='ocrx_word' id='word_1_337' title='bbox 1177 3733 1256 3793; x_wconf 91' lang='lat' dir='ltr'><strong>enim</strong></span> 
     </span>
     <span class='ocr_line' id='line_1_37' title="bbox 68 3812 1255 3905; baseline 0.003 -20"><span class='ocrx_word' id='word_1_338' title='bbox 68 3827 169 3905; x_wconf 65' lang='lat' dir='ltr'><strong>gloriae</strong></span> <span class='ocrx_word' id='word_1_339' title='bbox 182 3812 341 3893; x_wconf 73' lang='lat' dir='ltr'><strong>suadebant,</strong></span> <span class='ocrx_word' id='word_1_340' title='bbox 352 3843 406 3882; x_wconf 92' lang='lat' dir='ltr'><strong>nec</strong></span> <span class='ocrx_word' id='word_1_341' title='bbox 420 3823 485 3882; x_wconf 92' lang='lat' dir='ltr'><strong>ideo</strong></span> <span class='ocrx_word' id='word_1_342' title='bbox 498 3824 550 3883; x_wconf 86' lang='lat' dir='ltr'><strong>rite</strong></span> <span class='ocrx_word' id='word_1_343' title='bbox 564 3824 764 3883; x_wconf 85' lang='lat' dir='ltr'><strong>intellexerunt</strong></span> <span class='ocrx_word' id='word_1_344' title='bbox 776 3823 917 3882; x_wconf 79' lang='lat' dir='ltr'><strong>vadcinia.</strong></span> <span class='ocrx_word' id='word_1_345' title='bbox 939 3823 1086 3883; x_wconf 80' lang='lat' dir='ltr'><strong>Ceterum</strong></span> <span class='ocrx_word' id='word_1_346' title='bbox 1094 3826 1171 3885; x_wconf 85' lang='lat' dir='ltr'><strong>nulls</strong></span> <span class='ocrx_word' id='word_1_347' title='bbox 1184 3828 1255 3888; x_wconf 90' lang='lat' dir='ltr'><strong>ratio</strong></span> 
     </span>
     <span class='ocr_line' id='line_1_38' title="bbox 68 3908 1256 4001; baseline 0.001 -18"><span class='ocrx_word' id='word_1_348' title='bbox 68 3924 249 4001; x_wconf 75' lang='lat' dir='ltr'><strong>probatarum</strong></span> <span class='ocrx_word' id='word_1_349' title='bbox 262 3920 521 3998; x_wconf 85' lang='lat' dir='ltr'><strong>interpretationem</strong></span> <span class='ocrx_word' id='word_1_350' title='bbox 533 3922 711 3998; x_wconf 87' lang='lat' dir='ltr'><strong>amajoribns</strong></span> <span class='ocrx_word' id='word_1_351' title='bbox 725 3920 785 3979; x_wconf 89' lang='lat' dir='ltr'><strong>suis</strong></span> <span class='ocrx_word' id='word_1_352' title='bbox 794 3909 958 3988; x_wconf 84' lang='lat' dir='ltr'><strong>derivatam,</strong></span> <span class='ocrx_word' id='word_1_353' title='bbox 972 3927 1003 3977; x_wconf 87' lang='lat' dir='ltr'><strong>st</strong></span> <span class='ocrx_word' id='word_1_354' title='bbox 1014 3923 1158 3981; x_wconf 85' lang='lat' dir='ltr'><strong>communi</strong></span> <span class='ocrx_word' id='word_1_355' title='bbox 1166 3908 1256 3984; x_wconf 74' lang='lat' dir='ltr'><strong>¹veluti</strong></span> 
     </span>
     <span class='ocr_line' id='line_1_39' title="bbox 70 4017 1255 4098; baseline 0.002 -19"><span class='ocrx_word' id='word_1_356' title='bbox 70 4020 128 4079; x_wconf 77' lang='lat' dir='ltr'><strong>fide</strong></span> <span class='ocrx_word' id='word_1_357' title='bbox 154 4038 205 4098; x_wconf 89' lang='lat' dir='ltr'><strong>per</strong></span> <span class='ocrx_word' id='word_1_358' title='bbox 218 4019 321 4079; x_wconf 79' lang='lat' dir='ltr'><strong>secula</strong></span> <span class='ocrx_word' id='word_1_359' title='bbox 342 4018 465 4094; x_wconf 87' lang='lat' dir='ltr'><strong>plurima</strong></span> <span class='ocrx_word' id='word_1_360' title='bbox 477 4017 656 4078; x_wconf 82' lang='lat' dir='ltr'><strong>celebratam.</strong></span> <span class='ocrx_word' id='word_1_361' title='bbox 698 4018 840 4077; x_wconf 76' lang='lat' dir='ltr'><strong>vaticinia</strong></span> <span class='ocrx_word' id='word_1_362' title='bbox 854 4028 919 4076; x_wconf 88' lang='lat' dir='ltr'><strong>ante</strong></span> <span class='ocrx_word' id='word_1_363' title='bbox 937 4020 1255 4080; x_wconf 80' lang='lat' dir='ltr'><strong>erenumnbrenrirare</strong></span> 
     </span>
    </p>
   </div>
   <div class='ocr_carea' id='block_1_3' title="bbox 68 4108 1260 4197">
    <p class='ocr_par' dir='ltr' id='par_1_7' title="bbox 68 4108 1260 4197">
     <span class='ocr_line' id='line_1_40' title="bbox 68 4108 1260 4197; baseline 0.002 -20"><span class='ocrx_word' id='word_1_364' title='bbox 68 4118 192 4193; x_wconf 86' lang='lat' dir='ltr'><strong>quadam</strong></span> <span class='ocrx_word' id='word_1_365' title='bbox 215 4115 470 4197; x_wconf 79' lang='lat' dir='ltr'><strong>perfundebanturr</strong></span> <span class='ocrx_word' id='word_1_366' title='bbox 496 4134 553 4176; x_wconf 89' lang='lat' dir='ltr'><strong>nec·</strong></span> <span class='ocrx_word' id='word_1_367' title='bbox 564 4118 667 4176; x_wconf 86' lang='lat' dir='ltr'><strong>mirum</strong></span> <span class='ocrx_word' id='word_1_368' title='bbox 690 4108 823 4176; x_wconf 85' lang='lat' dir='ltr'><strong>homines</strong></span> <span class='ocrx_word' id='word_1_369' title='bbox 837 4134 938 4174; x_wconf 87' lang='lat' dir='ltr'><strong>areana</strong></span> <span class='ocrx_word' id='word_1_370' title='bbox 951 4132 1014 4188; x_wconf 86' lang='lat' dir='ltr'><strong>qure</strong></span> <span class='ocrx_word' id='word_1_371' title='bbox 1027 4117 1082 4174; x_wconf 85' lang='lat' dir='ltr'><strong>sub</strong></span> <span class='ocrx_word' id='word_1_372' title='bbox 1100 4118 1260 4179; x_wconf 81' lang='lat' dir='ltr'><strong>litterarum</strong></span> 
     </span>
    </p>
   </div>
   <div class='ocr_carea' id='block_1_4' title="bbox 66 4270 1266 4751">
    <p class='ocr_par' dir='ltr' id='par_1_8' title="bbox 66 4270 1266 4751">
     <span class='ocr_line' id='line_1_41' title="bbox 102 4270 1260 4341; baseline -0.001 -15"><span class='ocrx_word' id='word_1_373' title='bbox 102 4276 140 4338; x_wconf 89' lang='lat' dir='ltr'><strong>(l)</strong></span> <span class='ocrx_word' id='word_1_374' title='bbox 150 4282 165 4305; x_wconf 88' lang='lat'><strong>“</strong></span> <span class='ocrx_word' id='word_1_375' title='bbox 174 4274 327 4341; x_wconf 70' lang='lat' dir='ltr'><strong>&#39;l&#39;honglrws</strong></span> <span class='ocrx_word' id='word_1_376' title='bbox 335 4273 408 4325; x_wconf 81' lang='lat' dir='ltr'><strong>melre</strong></span> <span class='ocrx_word' id='word_1_377' title='bbox 418 4270 489 4338; x_wconf 81' lang='lat' dir='ltr'><strong>great</strong></span> <span class='ocrx_word' id='word_1_378' title='bbox 500 4290 543 4323; x_wconf 90' lang='lat' dir='ltr'><strong>use</strong></span> <span class='ocrx_word' id='word_1_379' title='bbox 554 4274 584 4333; x_wconf 85' lang='lat' dir='ltr'><strong>of</strong></span> <span class='ocrx_word' id='word_1_380' title='bbox 589 4274 689 4324; x_wconf 87' lang='lat' dir='ltr'><strong>ancient</strong></span> <span class='ocrx_word' id='word_1_381' title='bbox 695 4273 811 4324; x_wconf 88' lang='lat' dir='ltr'><strong>tradition</strong></span> <span class='ocrx_word' id='word_1_382' title='bbox 821 4279 849 4322; x_wconf 80' lang='lat' dir='ltr'><strong>tn</strong></span> <span class='ocrx_word' id='word_1_383' title='bbox 858 4272 916 4336; x_wconf 85' lang='lat' dir='ltr'><strong>help</strong></span> <span class='ocrx_word' id='word_1_384' title='bbox 925 4288 954 4322; x_wconf 87' lang='lat' dir='ltr'><strong>us</strong></span> <span class='ocrx_word' id='word_1_385' title='bbox 963 4278 1009 4324; x_wconf 85' lang='lat' dir='ltr'><strong>toa</strong></span> <span class='ocrx_word' id='word_1_386' title='bbox 1019 4274 1085 4325; x_wconf 74' lang='lat' dir='ltr'><strong>dean</strong></span> <span class='ocrx_word' id='word_1_387' title='bbox 1094 4273 1260 4336; x_wconf 79' lang='lat' dir='ltr'><strong>understand·</strong></span> 
     </span>
     <span class='ocr_line' id='line_1_42' title="bbox 66 4346 1266 4425; baseline -0.002 -16"><span class='ocrx_word' id='word_1_388' title='bbox 66 4358 114 4424; x_wconf 73' lang='lat' dir='ltr'><strong>ing</strong></span> <span class='ocrx_word' id='word_1_389' title='bbox 125 4356 203 4409; x_wconf 81' lang='lat' dir='ltr'><strong>oftlse</strong></span> <span class='ocrx_word' id='word_1_390' title='bbox 212 4354 450 4417; x_wconf 65' lang='lat' dir='ltr'><strong>nmtmnwudstill</strong></span> <span class='ocrx_word' id='word_1_391' title='bbox 461 4373 489 4405; x_wconf 85' lang='lat' dir='ltr'><strong>as</strong></span> <span class='ocrx_word' id='word_1_392' title='bbox 497 4362 523 4407; x_wconf 88' lang='lat' dir='ltr'><strong>to</strong></span> <span class='ocrx_word' id='word_1_393' title='bbox 535 4364 638 4409; x_wconf 85' lang='lat' dir='ltr'><strong>matters</strong></span> <span class='ocrx_word' id='word_1_394' title='bbox 645 4357 675 4409; x_wconf 83' lang='lat' dir='ltr'><strong>of</strong></span> <span class='ocrx_word' id='word_1_395' title='bbox 681 4357 742 4409; x_wconf 76' lang='lat' dir='ltr'><strong>saith</strong></span> <span class='ocrx_word' id='word_1_396' title='bbox 751 4372 789 4409; x_wconf 84' lang='grc' dir='ltr'><strong>ιιι</strong></span> <span class='ocrx_word' id='word_1_397' title='bbox 797 4346 874 4423; x_wconf 78' lang='lat' dir='ltr'><strong>reject</strong></span> <span class='ocrx_word' id='word_1_398' title='bbox 884 4354 1070 4424; x_wconf 66' lang='lat' dir='ltr'><strong>dnbogsdmrd’</strong></span> <span class='ocrx_word' id='word_1_399' title='bbox 1087 4358 1182 4410; x_wconf 84' lang='lat' dir='ltr'><strong>Busnst</strong></span> <span class='ocrx_word' id='word_1_400' title='bbox 1187 4358 1266 4425; x_wconf 62' lang='lat' dir='ltr'><strong>pie..</strong></span> 
     </span>
     <span class='ocr_line' id='line_1_43' title="bbox 101 4438 1051 4503; baseline -0.004 -14"><span class='ocrx_word' id='word_1_401' title='bbox 101 4440 140 4503; x_wconf 72' lang='grc' dir='ltr'><strong>(ι)</strong></span> <span class='ocrx_word' id='word_1_402' title='bbox 152 4438 301 4493; x_wconf 72' lang='lat' dir='ltr'><strong>Matreu</strong></span> <span class='ocrx_word' id='word_1_403' title='bbox 463 4450 468 4457; x_wconf 90' lang='lat'>·</span> <span class='ocrx_word' id='word_1_404' title='bbox 594 4444 597 4451; x_wconf 77' lang='grc'><strong>’</strong></span> <span class='ocrx_word' id='word_1_405' title='bbox 892 4466 895 4471; x_wconf 85' lang='lat'><em>-</em></span> <span class='ocrx_word' id='word_1_406' title='bbox 994 4472 997 4482; x_wconf 92' lang='lat'>.</span> <span class='ocrx_word' id='word_1_407' title='bbox 1049 4479 1051 4485; x_wconf 92' lang='lat'><em>.</em></span> 
     </span>
     <span class='ocr_line' id='line_1_44' title="bbox 102 4521 246 4585; baseline 0.007 -13"><span class='ocrx_word' id='word_1_408' title='bbox 102 4521 140 4585; x_wconf 76' lang='grc'><strong>(3)</strong></span> <span class='ocrx_word' id='word_1_409' title='bbox 152 4522 246 4575; x_wconf 82' lang='lat' dir='ltr'><strong>Matr.</strong></span> 
     </span>
     <span class='ocr_line' id='line_1_45' title="bbox 101 4605 704 4673; baseline -0.002 -17"><span class='ocrx_word' id='word_1_410' title='bbox 101 4605 139 4671; x_wconf 79' lang='grc'><strong>(4)</strong></span> <span class='ocrx_word' id='word_1_411' title='bbox 156 4606 257 4666; x_wconf 66' lang='lat' dir='ltr'><strong>nunnae,</strong></span> <span class='ocrx_word' id='word_1_412' title='bbox 267 4606 370 4673; x_wconf 74' lang='lat' dir='ltr'><strong>Analys.</strong></span> <span class='ocrx_word' id='word_1_413' title='bbox 386 4606 483 4658; x_wconf 79' lang='lat' dir='ltr'><strong>Artsi.</strong></span> <span class='ocrx_word' id='word_1_414' title='bbox 499 4605 559 4659; x_wconf 55' lang='grc' dir='ltr'><strong>ιιι.</strong></span> <span class='ocrx_word' id='word_1_415' title='bbox 665 4640 669 4649; x_wconf 83' lang='grc'>.</span> <span class='ocrx_word' id='word_1_416' title='bbox 699 4636 704 4643; x_wconf 85' lang='lat'>·</span> 
     </span>
     <span class='ocr_line' id='line_1_46' title="bbox 186 4690 599 4751; baseline 0.005 -4"><span class='ocrx_word' id='word_1_417' title='bbox 186 4690 260 4751; x_wconf 82' lang='lat' dir='ltr'><strong>Vos.</strong></span> <span class='ocrx_word' id='word_1_418' title='bbox 275 4690 380 4751; x_wconf 80' lang='lat' dir='ltr'><strong>1.-4t5</strong></span> <span class='ocrx_word' id='word_1_419' title='bbox 597 4698 599 4703; x_wconf 85' lang='lat'>&#39;</span> 
     </span>
    </p>
   </div>
   <div class='ocr_carea' id='block_1_5' title="bbox 0 0 1374 5032">
    <p class='ocr_par' dir='ltr' id='par_1_9' title="bbox 0 0 1374 5032">
     <span class='ocr_line' id='line_1_47' title="bbox 0 0 1374 5032; baseline 0 1"><span class='ocrx_word' id='word_1_420' title='bbox 0 0 1374 5032; x_wconf 95' lang='lat' dir='ltr'><strong> </strong></span> 
     </span>
    </p>
   </div>
  </div>
 </body>
</html>
