2738 5032
121 246 180 303 ⁴⁰⁸
292 242 350 305 nu
369 242 698 307 sumeremus!
719 244 1135 343 {enarrantium

120 401 234 460 mulis
248 404 422 461 tenebrarum
435 405 598 480 ignorarunt
608 405 736 483 plerique
745 405 856 485 linguas
866 407 1025 484 primarias,
1032 407 1126 486 ςοιιιὶο
1136 405 1157 466 J
1158 405 1305 466 udaeorun

120 501 340 559 consuetudines
354 514 383 560 et
396 503 524 579 phrases,
538 523 576 562 ex
590 504 693 576 quibus
715 505 757 561 vis
771 505 998 567 testimoniorum
1010 515 1040 564 et
1058 523 1162 564 sensus
1175 506 1304 565 mammo

120 597 254 674 pendent,
268 598 425 667 historiam,
439 612 595 673 ceteraque
609 600 668 659 lere
679 597 785 670 omnia,
796 620 859 675 qure
868 601 904 659 ad
916 601 1173 663 Hammonium
1184 604 1301 662 omniuo

119 695 308 767 requiruntur.

158 790 247 869 Rerp.
267 792 412 852 tulletum
428 793 567 852 Ecclesiae
581 793 617 852 de
630 813 716 853 sensu
730 796 883 874 Scripturas
898 797 1064 874 plerumque
1084 797 1203 873 respicit
1213 814 1301 875 pauca

119 886 247 961 quedam
262 890 423 949 testimonia
435 908 500 963 qum
512 908 579 948 cum
593 890 771 968 dogmatibus
786 892 870 950 certis
885 892 956 951 adso
968 903 1184 961 connectuntur,
1200 906 1300 953 utnon

118 987 230 1064 possint
242 987 382 1046 ullatenus
394 987 509 1048 divelli:
531 992 637 1066 sapius
657 990 720 1066 ipsa
739 990 881 1068 dogmata,
895 993 965 1064 quin
978 990 1015 1049 ds
1036 991 1159 1068 singulis
1175 993 1297 1050 textibus

118 1084 225 1157 aliquid
237 1085 411 1144 decernatur.
453 1086 572 1145 Publica
591 1099 685 1147 autem
704 1087 836 1165 dogmata
849 1089 989 1147 Eeclesie
1009 1106 1124 1165 semper
1144 1099 1175 1146 et
1195 1090 1297 1163 ubique

118 1182 265 1250 celebrata,
280 1181 491 1260 predicatione,
505 1184 645 1260 symbolis
658 1183 737 1252 fidei,
757 1184 846 1252 cultu,
861 1185 966 1244 nullam
980 1186 1124 1263 patiuntur
1136 1186 1299 1263 ambiguita-

117 1290 185 1349 tem,
198 1292 228 1338 et
240 1280 335 1339 diviua
356 1280 509 1339 firleiuntur
532 1283 742 1358 promissione.·
772 1281 842 1341 1Ιοιο
855 1284 965 1359 optimo
985 1283 1047 1341 baec
1060 1283 1091 1341 iu
1106 1283 1235 1360 regulam
1253 1303 1297 1343 sn·

116 1389 240 1447 ιοοιοι,
262 1398 328 1438 nam
342 1379 421 1437 omui
445 1392 693 1440 monumentorum
712 1398 827 1458 genere,
840 1391 869 1438 οι
882 1400 935 1438 usu
958 1391 988 1439 et
1011 1383 1208 1449 consensione
1225 1382 1298 1446 orbis,

116 1475 273 1535 Christiani
286 1476 407 1534 caelestis
421 1494 519 1535 corum
533 1477 613 1554 origo
633 1477 793 1536 innotescit.
835 1477 902 1535 Non
923 1478 1008 1554 igitur
1030 1479 1173 1537 Presulea
1187 1478 1298 1538 arbitrio

55 1552 67 1583 ⁴
115 1572 263 1653 indulgent
275 1593 338 1642 suo,
354 1593 407 1633 nec
420 1584 514 1632 tamen
528 1574 710 1637 deeessomm
724 1575 827 1652 placita
836 1575 1003 1653 desinguiis
1015 1575 1234 1652 amplectantur,
1247 1575 1297 1649 sed

115 1672 294 1751 dogmatibus
312 1672 344 1730 in
363 1683 423 1730 tuto
436 1673 547 1750 positis,
562 1672 598 1731 de
612 1673 811 1749 plerommque
821 1672 948 1733 locorum
962 1690 1048 1731 sensu
1059 1672 1150 1730 libere
1162 1671 1296 1751 iudicant,

115 1773 194 1833 omni
207 1770 334 1830 adhibito
346 1770 500 1830 litterarum
525 1770 664 1839 subsidio,
678 1782 708 1828 et
719 1769 819 1830 divino
832 1772 982 1847 implorato
1001 1762 1121 1829 lumine.
1164 1771 1297 1831 Fateatur

115 1869 246 1947 mysticis
270 1868 545 1945 interpretationibus
569 1869 783 1926 sanctosviros
808 1866 958 1941 aliquando
980 1866 1096 1925 liberius
1120 1887 1201 1937 usos,
1220 1865 1295 1940 qnod

114 1986 229 2044 semper
241 1985 299 2026 non
313 1966 408 2045 prodit
419 1967 509 2026 obvie
524 1966 740 2043 significationis
760 1966 956 2042 ignorantiam,
972 1985 1035 2038 qure
1056 1966 1229 2042 plerumque
1238 1985 1295 2024 um·

114 2064 198 2123 nibus
223 2065 344 2142 patebat,
367 2063 418 2121 sed
442 2062 636 2136 edificationis
660 2060 796 2129 studium,
822 2072 851 2120 οι
871 2062 1073 2139 Apostolorum
1096 2063 1292 2136 imbutionem,

114 2163 217 2236 quibus
238 2161 380 2239 magistris
394 2159 490 2218 omnia
503 2159 533 2218 in
546 2159 637 2237 figura
650 2159 804 2236 contigisse
817 2158 957 2217 Israelitis
972 2157 1140 2226 didicerant.
1168 2159 1295 2226 ,Βοιίοο-

113 2260 195 2319 batur
206 2259 319 2318 interim
340 2276 423 2317 verus
437 2267 466 2315 οι
478 2256 619 2335 genuinus
633 2257 833 2334 scripturarum
853 2274 966 2324 sensus,
980 2255 1160 2334 dogmatibus
1180 2257 1249 2316 fidei
1268 2267 1294 2315 et

113 2376 224 2416 morum
239 2356 388 2435 principiis
397 2357 502 2429 ubique
516 2353 673 2422 celebratis,
683 2366 746 2428 'quae
761 2372 818 2412 non
832 2352 977 2411 desierunt
986 2372 1037 2430 per
1048 2353 1296 2428 secula'seqmera

113 2454 250 2521 obtinere,
263 2454 418 2511 litterarum
439 2449 539 2508 studiis
561 2469 618 2509 non
643 2449 713 2508 adeo
734 2450 908 2509 florentibus.
948 2448 1174 2526 simplicissima
1193 2451 1247 2510 hac
1267 2457 1296 2510 οι

113 2551 254 2611 tutissima
268 2551 313 2607 ria
325 2548 397 2607 fides
411 2547 545 2606 divinitus
559 2547 681 2605 revelata
694 2548 729 2604 ab
749 2548 895 2625 Apostolis
909 2547 946 2605 ad
966 2548 1111 2624 presules,
1126 2550 1202 2608 s'erie
1221 2548 1294 2609 haud
1351 2548 1354 2553 ’

112 2648 275 2726 interrupta,
291 2647 456 2708 transmissa
475 2656 528 2713 est,
540 2657 570 2704 et
582 2663 645 2719 que
666 2638 873 2724 Scripturirum
894 2665 1006 2705 summa
1026 2656 1070 2706 est
1090 2646 1124 2706 ab'
1146 2648 1293 2708 hominum

112 2746 267 2806 temeritate
280 2756 398 2804 serrata.
441 2740 550 2801 Studiis
566 2742 627 2819 jam
642 2741 713 2800 adeo
726 2742 845 2801 excultis
869 2742 1049 2825 profecerunt
1068 2744 1121 2802 riri
1142 2744 1246 2803 eruditi
1264 2746 1293 2805 in

111 2862 214 2903 vocum
228 2842 487 2913 sententiarumque
500 2839 529 2896 vi
541 2837 743 2917 dignoscenda,
758 2838 890 2898 sed-fidei
899 2839 963 2898 luce
977 2839 1131 2916 plerosque
1146 2850 1206 2901 uo'n
1218 2843 1294 2903 illus·

112 2952 201 3002 nante
223 2940 405 2999 caecutierunt
428 2938 495 3014 ipsi,
517 2937 698 2996 sanctissima
721 2936 789 2994 fidei
812 2937 949 3014 mysteria
972 2948 1079 2998 temere
1102 2940 1293 3020 repudiantes,

110 3038 219 3098 voculis
246 3039 341 3115 potius
365 3035 516 3123 ambiguis,
539 3053 623 3109 quam
641 3034 765 3111 publicu
788 3022 951 3097 testimonio
972 3036 1057 3095 totius
1082 3036 1293 3159 Ecclesimper

111 3135 215 3207 secula
228 3134 324 3194 omnia
337 3153 354 3191 a
367 3131 485 3190 consto
495 3131 546 3189 nrtt
561 3131 743 3209 eligentes
805 3196 808 3201 ,
866 3152 869 3156 ·
893 3188 895 3194 ,
1054 3156 1057 3161 ·

64 3276 67 3281 -
154 3234 262 3315 otj..a
284 3227 474 3291 Ecclesium
486 3227 701 3307 interpretandis
715 3228 868 3313 Scripturis
882 3248 1016 3308 supremo
1026 3250 1091 3308 jure
1106 3236 1214 3312 agnito,
1228 3235 1294 3315 deg-

112 3334 289 3405 matibusque
304 3346 367 3405 que
382 3325 486 3385 tradit
478 3345 508 3384 ιο
521 3343 650 3385 ιιοιιοοοι
664 3325 904 3403 interpretationis
916 3328 1055 3406 exceptis,
1070 3329 1174 3392 frustra
1187 3336 1254 3409 quis
1267 3338 1293 3395 ei

110 3431 158 3493 dat
170 3448 297 3509 operam,
311 3425 407 3485 omnia
419 3423 497 3483 euim
510 3438 548 3481 ex
561 3422 742 3501 praejudicata
754 3424 893 3483 sententia
905 3425 1052 3504 intelligit.
1120 3458 1124 3464 ·

149 3527 238 3606 Recp.
259 3523 346 3584 Fides
360 3539 423 3596 qne
436 3538 474 3578 ex
487 3518 584 3587 auditu
597 3520 755 3597 concipitur
768 3521 900 3580 omnino
905 3524 1065 3582 necessaria
1084 3537 1142 3597 est,
1154 3527 1293 3608 Apostoln

100 3628 239 3694 ‘docente
253 3636 285 3683 nt
294 3623 447 3699 Scripturas
458 3637 511 3678 nos
523 3619 665 3678 instruant.
673 3618 708 3679 sd
722 3619 840 3678 salutern
844 3621 1038 3697 ,inservitqne
1047 3634 1080 3683 ut
1089 3627 1176 3685 certia
1189 3632 1291 3707 positis

111 3723 257 3804 principiis
268 3720 347 3780 dubii
361 3736 417 3776 uon
433 3716 606 3784 hereamus,
642 3715 764 3784 Quod
740 3717 841 3790 saquis
855 3722 918 3777 etim
929 3719 1102 3799 prejudiciis
1111 3722 1181 3783 velit
1194 3745 1291 3788 aceen-

110 3840 183 3887 sere,
198 3816 368 3876 contumelia
380 3811 454 3871 haud
470 3813 646 3873 movebimur
659 3825 690 3870 ut
702 3831 766 3870 cum
783 3814 851 3871 tanti
871 3813 938 3873 doni
959 3814 1138 3888 detrimento,
1154 3822 1233 3882 nulla
1251 3843 1290 3887 re·

110 3920 178 4000 gula
201 3914 334 3980 adhibita,
357 3929 453 3970 sacros
480 3910 567 3967 libros
592 3909 781 3986 perlegamus,
806 3909 939 3988 dogmata
963 3913 1076 3972 arbitrio
1100 3929 1200 3978 nostro
1228 3932 1291 3999 post

109 4018 269 4078 diuturnum
282 4008 405 4066 studium
419 4007 576 4065 conficturi.
617 4006 678 4083 lpsi
692 4007 780 4065 critici
801 4007 1003 4077 Protestautes,
1018 4012 1060 4069 uti
1074 4013 1210 4087 vidimus,
1226 4018 1289 4077 tidei

109 4109 265 4191 analogiam
287 4096 389 4163 docent
403 4102 588 4161 adhibendam
610 4103 639 4161 in
660 4103 896 4182 interpretationis
911 4100 1046 4184 regulam,
1062 4111 1232 4188 singulaque
1245 4134 1288 4184 eu,

108 4203 274 4272 revocanda.
316 4199 377 4259 Our
390 4209 482 4259 autern
504 4198 699 4276 praejudicium
713 4199 855 4282 censenda
869 4220 925 4260 uun
947 4203 984 4262 sit
998 4206 1127 4284 analogia
1141 4209 1288 4286 illaquam

109 4310 172 4387 quis
187 4303 241 4363 sibi
255 4298 359 4364 statuit,
371 4298 453 4374 juxta
467 4316 550 4370 qnam
565 4298 663 4356 omnia
676 4299 881 4375 iuterpretatur,
897 4301 980 4376 plane
995 4322 1052 4363 non
1066 4305 1242 4367 videmus..

143 4404 217 4485 οὺ]
234 4407 263 4461 3.
280 4395 418 4462 Ecclesia,
431 4395 465 4452 de
477 4394 620 4473 plerisque
633 4396 755 4455 textibus
769 4415 826 4456 non
836 4401 984 4459 consuevit
995 4401 1119 4477 proferre
1129 4405 1289 4485 judicium.

108 4511 278 4585 quapropter
288 4495 350 4574 ejus
360 4493 506 4567 auctoritas
518 4493 619 4552 frustra
627 4495 765 4562 statuitur
775 4505 917 4569 tamquam
926 4498 1126 4576 seripturarum
1136 4503 1287 4585 interpres.

147 4601 235 4676 chp.
257 4589 388 4655 Ecclesia
402 4587 532 4666 dogmata
546 4591 667 4649 revelata
680 4590 841 4663 deliniendo
851 4594 955 4653 limites
966 4595 1166 4703 interpretandi
1177 4602 1289 4665 libidini
