2738 5032
262 251 440 312 LEGIBUS
461 240 782 313 PENTATEUCHO‘
799 247 1092 309 CONTENTIS
1181 246 1249 305 ,ιι
1320 308 1334 339 ,

67 409 102 479 ιιι
111 426 297 489 munero
310 411 448 488 originem
464 410 649 502 quorumdam
663 384 767 467 rituum
781 410 815 466 ab
829 407 946 466 exordio
961 408 1018 464 sere
1032 402 1131 463 mundi
1144 403 1249 493 ubique

66 505 251 576 affluunt,
273 519 314 566 ut
324 509 433 566 seilicet
452 496 637 565 mactarentur
656 506 797 572 animalia,
821 505 987 565 offerrentur
1007 504 1123 568 fructus,
1149 509 1177 559 et
1197 480 1251 558 alia

70 584 245 696 bttjusrnodi,
260 615 304 664 est
322 604 485 671 referenda;
507 604 552 661 vel
566 603 706 661 israelitas
729 580 827 694 populi
848 602 897 659 alii
916 599 1051 660 censendi
1071 608 1137 656 sunt
1151 586 1251 655 imiimi

65 692 179 770 fuissem
200 718 256 760 uec
276 703 353 765 enim
373 702 490 779 probari
506 700 598 789 potest
618 703 687 757 ritus
701 701 770 757 tales
791 698 855 757 aitte
876 698 1033 756 Mosaicam
1053 705 1161 755 atatem
1176 692 1250 771 apud

16 838 19 845 -
63 797 232 887 ⁴poptdos
200 808 271 857 tstos
280 797 415 873 viguisse.
419 802 452 831 1
471 797 614 857 Ceterum
625 796 752 858 licuisset
765 806 839 852 certe
853 795 1042 870 AEgyptiacos
1053 792 1157 849 aliosve
1170 792 1250 858 ritus,

15 911 153 971 pravo
166 893 224 964 tine
239 893 358 959 sublato,
368 905 397 949 et
408 888 548 969 adjunctis
560 893 690 967 omnibus
701 908 771 964 quae
776 891 1004 966 superstitionem
1022 874 1252 964 sapiebantarrlo·
1302 900 1307 915 ⁸

58 990 131 1067 ιιι·,
127 986 163 1047 ad
179 989 237 1047 Dei
249 989 357 1075 cultum
371 988 513 1081 adbibere,
525 1008 550 1046 ιι
543 989 665 1049 divine
665 989 821 1065 sapientiae
836 988 928 1057 visum
942 987 1042 1044 suisset
1055 1004 1104 1042 eos
1115 983 1251 1097 adoptare

14 1085 230 1145 elsancire.

24 1166 30 1183 ⁸
108 1154 177 1260 obs.
190 1187 222 1238 3.
245 1181 328 1239 Ritus
339 1180 452 1253 quidam
461 1179 598 1239 Judarcr
582 1193 647 1238 suut
658 1179 777 1242 rultcult
787 1179 884 1251 quales
895 1198 948 1236 ex
965 1198 992 1261 ge
983 1178 1160 1253 adhibendi
1175 1189 1253 1239 erant

72 1277 98 1335 ιιι
119 1277 313 1372 consecrando
338 1272 449 1335 summo
477 1277 645 1353 pontifices
666 1268 715 1336 alii
739 1277 824 1334 trimis
845 1277 946 1334 minuti
971 1294 1083 1347 summa
1107 1277 1253 1373 majestate

71 1375 186 1461 indigni.

106 1471 207 1557 Resp-
220 1471 264 1530 De
279 1457 397 1550 siugulis
419 1472 517 1549 ritibus
532 1456 588 1545 u6n
609 1482 652 1555 est
668 1434 907 1548 J'ullicaudum,'
880 1473 936 1530 ursi
956 1472 1050 1531 habita
1063 1472 1169 1555 ratione
1185 1481 1253 1531 tem·

73 1569 169 1645 poris,
173 1579 202 1655 et
211 1566 336 1629 morum.
375 1543 478 1650 Plures
500 1549 630 1629 anostra:
644 1567 783 1626 sentiendi
797 1581 826 1626 et
845 1569 946 1644 agendi
966 1569 1071 1627 ratione
1093 1569 1252 1645 abhorrent,

75 1665 118 1738 qui
133 1677 228 1723 tamen
243 1684 277 1724 ιο
287 1684 393 1744 quo
378 1664 497 1726 instituti
517 1675 588 1738 sunt
604 1658 740 1740 tempore,
755 1683 835 1721 suam
856 1650 995 1725 habebant
1014 1658 1173 1733 utilitatem,
1188 1678 1254 1725 ectr-

73 1765 266 1840 gruebantque
278 1783 372 1824 rerum
383 1762 540 1840 adJ'uu‘ctis.
582 1756 790 1823 Μιιιιιιιὲιιιιιιι
813 1762 890 1861 leges
912 1761 989 1818 dedit
1011 1763 1100 1830 Deus,
1116 1774 1147 1821 ut
1160 1764 1253 1823 omnis

75 1861 174 1923 erroris
189 1852 332 1938 tolleretur,
351 1856 479 1928 facultas,
493 1869 522 1917 et
541 1840 626 1916 etiam
640 1859 669 1916 in
684 1859 809 1917 minimis
814 1836 1023 1918 consuleretur
1036 1859 1149 1916 cultus
1142 1861 1255 1937 integri·

74 1940 129 2037 uri,
150 1967 180 2015 et
199 1966 276 2014 recto
299 1974 391 2014 rerum
412 1950 516 2022 ordini.
540 1956 664 2034 Quum
675 1956 710 2033 de
730 1957 839 2032 optimo
864 1955 991 2015 onmium
1012 1955 1079 2022 fine,
1100 1973 1204 2031 nempe
1224 1966 1256 2015 ut

75 2040 151 2113 Deus
166 2054 313 2121 coleretur,
329 2055 455 2131 gentium
469 2050 684 2145 superstitiosis
690 2051 787 2111 ritibus
808 2054 928 2121 evitatis,
944 2062 1062 2121 constet,
1078 2072 1135 2111 non
1149 2064 1193 2110 est
1206 2072 1256 2111 eur

75 2151 240 2242 deminutis
261 2152 420 2224 quibusque
434 2152 470 2210 ιιι
491 2140 659 2211 instituatur.
701 2151 783 2227 Ipsae
796 2148 1022 2235 superstitiones
1024 2169 1105 2222 quae
1113 2150 1188 2227 apud
1208 2170 1256 2208 na·

74 2248 164 2317 tiones
190 2248 378 2339 propinquas
386 2245 525 2324 vigebant,
549 2248 711 2323 praesertim
731 2238 829 2327 apud
831 2247 934 2304 Zabios
959 2248 1137 2304 occasionem
1159 2247 1256 2306 ιὀιιιιι

74 2342 175 2402 dedere
188 2332 317 2428 plumbea
331 2344 450 2427 legibus,
466 2363 584 2417 quarum
594 2345 663 2403 ratio
678 2344 745 2403 alias
757 2360 814 2401 nou
829 2361 860 2403 se
874 2343 984 2420 prodit,
992 2362 1095 2420 nempe
1106 2363 1142 2402 ue
1153 2363 1257 2418 eoque·

74 2453 148 2500 retur
158 2432 297 2519 budusin
309 2443 405 2525 matris
419 2443 514 2510 lacte,8
527 2462 563 2518 ne
576 2442 634 2505 mel
642 2442 796 2509 offerretur,
809 2461 845 2501 ne
857 2453 943 2533 eaput
951 2441 1132 2523 tonderetur
1124 2462 1153 2501 ιι
1163 2454 1256 2503 rotun·

72 2536 152 2604 dum,
167 2530 214 2596 'vel
228 2542 320 2596 vestes
334 2559 370 2597 ex
373 2540 448 2598 lana
461 2551 489 2598 et
501 2532 573 2598 lino
575 2550 746 2615 terrerentur,
762 2539 817 2596 dre.
879 2538 881 2543 ’

116 2634 186 2712 obj.
199 2640 229 2724 4.
250 2636 344 2730 Leges
358 2637 452 2715 plures
468 2622 602 2723 Mosaicae
617 2637 772 2713 respiciunt
782 2618 934 2693 animantia
945 2655 1007 2709 quae
1019 2654 1177 2709 numquam
1187 2638 1258 2694 exti-

74 2732 185 2805 terunt,
193 2751 220 2788 v
233 2751 274 2811 g:
297 2722 457 2808 gryphum
479 2745 508 2791 et
519 2745 579 2791 tota
598 2732 777 2790 discriminis
784 2732 854 2789 ratio
875 2732 949 2788 inter
968 2731 1097 2804 quaedam
1112 2732 1258 2790 immunde

75 2826 169 2886 bebita
183 2838 211 2886 et
224 2829 279 2887 alia
292 2829 424 2898 munda
416 2831 519 2932 inanis
530 2830 649 2915 videtur,
663 2811 747 2900 adeo
747 2839 778 2884 ut
792 2828 847 2886 ab'
839 2829 909 2911 ipsis
932 2828 1041 2893 Christi
1055 2828 1202 2925 discipulis
1223 2830 1258 2886 ab

77 2925 157 2983 turtio
170 2927 209 2983 ιιι
222 2927 335 3003 reJecta
374 2949 377 2955 ·

51 3076 52 3081 ,
115 3021 204 3109 Βιιρ.
227 3023 368 3085 Labortut
388 3025 574 3106 interpretes'
567 3044 595 3083 m
617 3024 733 3082 vocibus
748 3021 897 3106 Hebraicis
920 2970 1069 3094 reddendis
1084 3024 1186 3097 quibus
1201 3027 1259 3084 ani·

79 3121 183 3189 mantia
196 3121 411 3219 ιιιιιιίιιιιιιιιιιι,Ι
409 3121 490 3179 unde
511 3140 536 3178 ιι
528 3100 685 3197 aliquod''
677 3141 707 3182 m
721 3115 850 3178 versione
873 3100 974 3178 Graeca
987 3132 1015 3177 et
1028 3120 1129 3207 Latina
1142 3122 1258 3199 speciali

80 3190 248 3297 donatum
226 3214 351 3286 nomine,
366 3230 500 3279 anaturae
514 3221 611 3296 peritis
625 3239 682 3277 non
701 3229 878 3296 agnoscatur,
894 3210 1036 3297 interpreti
1050 3220 1123 3277 ιιιιο
1134 3217 1256 3277 dandum

80 3315 138 3387 erit,
152 3334 184 3372 ιιι
176 3315 307 3416 'placeat
320 3315 412 3374 dicere
424 3303 491 3374 illud
503 3317 569 3391 olim
582 3312 721 3381 extitisse
762 3316 862 3391 Plures
877 3317 1000 3377 rationes
1013 3315 1193 3373 discriminis
1198 3316 1258 3373 dari

81 3399 206 3499 possunt,
222 3416 288 3470 sunt
303 3410 384 3471 enim
405 3415 602 3473 norrnullicibi
622 3415 713 3486 quiin
735 3399 825 3470 calida
845 3412 1004 3470 Palestinae
1025 3410 1140 3488 regione
1154 3414 1259 3472 valetu-

80 3494 144 3566 dini
150 3520 264 3574 nocent,
280 3510 347 3568 alias
361 3510 453 3575 licet'
446 3511 571 3575 innocui,
587 3508 662 3582 quod
682 3509 813 3567 decarne
832 3510 917 3566 suilla
931 3521 959 3565 et
973 3509 1007 3565 de-
1021 3509 1166 3584 leporina⁴
1183 3520 1259 3568 asse·

81 3616 142 3675 ruut
143 3598 281 3698 plurimi.
304 3605 446 3665 Rationes
458 3607 542 3665 etitm
551 3600 679 3693 mystica)
689 3603 797 3675 dantur,
808 3615 839 3662 ut
849 3606 980 3662 vitiorum
994 3605 1151 3663 insinuetur
1162 3605 1258 3688 odium

81 3709 107 3756 et
117 3700 193 3777 suga,
204 3671 370 3782 quibusdam
381 3702 491 3778 rejectis
502 3703 571 3760 cibis
581 3713 723 3774 tamquam
733 3686 896 3759 immundis.
933 3698 1073 3760 Caeterum
1085 3704 1261 3778 praestanticr

82 3799 148 3856 ratio
162 3808 208 3856 est
221 3799 283 3878 ipsa
295 3796 350 3856 Dei
362 3798 501 3885 uoluntas,
514 3819 577 3872 quae
589 3781 776 3858 obediendum
791 3800 866 3855 sibi
859 3819 893 3859 m
900 3800 1027 3861 ciborum
1035 3800 1148 3859 delectu
1161 3803 1259 3871 voluit,

83 3905 113 3951 ut
124 3892 248 3972 populus
263 3880 427 3976 servaretur
437 3898 539 3964 fidelis,
554 3909 582 3955 et
602 3918 618 3954 a
637 3898 762 3974 gentium
782 3897 990 3959 necessitudine
1005 3898 1132 3957 alienus
1176 3900 1260 3967 Quod

83 4003 172 4049 autem
195 3983 317 4050 nolucrit
336 3972 414 4053 Deus
435 3994 527 4070 legem
548 3994 621 4051 hanc
640 3994 763 4070 obligare
786 3993 1003 4061 Christitideles,
1025 4014 1183 4053 consonum
1202 4007 1261 4055 erat

83 4072 328 4166 consiliosumru'o
342 4089 377 4146 de
392 4091 590 4171 Ecclesiaper
605 4088 907 4167 orbemdillundenda.

116 4290 158 4353 (1)
166 4288 387 4351 circumcisionem
403 4287 432 4335 ad
442 4287 574 4350 AEgpptios
592 4302 633 4350 per
652 4285 764 4334 Ismaelis
780 4269 890 4353 posteris,
901 4285 943 4349 qui
957 4287 1028 4351 juxta
1045 4303 1113 4336 mure
1125 4289 1225 4337 rubrum
1238 4295 1262 4337 et

88 4372 112 4421 in
122 4373 248 4447 AEtlriopia
257 4352 407 4428 habitabunt,
418 4369 552 4433 derivatam
554 4369 669 4467 ,eonJ'icit
677 4369 824 4432 Spedulieri
818 4384 843 4417 ιιι
855 4369 972 4432 proecl'trs
981 4370 1126 4420 refutatione
1135 4370 1262 4419 Gibbonis.
1298 4402 1301 4404 v

88 4469 108 4518 p
120 4456 141 4514 l,
152 4472 172 4504 c.
182 4457 207 4514 1,
218 4473 240 4519 p.
252 4455 290 4504 65.

119 4541 153 4600 (2)
164 4538 247 4588 ‘Exod
258 4539 298 4587 29.

121 4621 156 4682 (3)
172 4622 235 4672 Vide
245 4622 328 4670 lettres
340 4622 370 4687 de
378 4620 493 4685 quelquo's
504 4619 569 4671 Juiss
581 4621 619 4679 ll,
630 4637 651 4687 p.
664 4620 678 4668 l.
691 4620 728 4669 Il.
738 4621 750 4680 ι
762 4621 811 4669 viii.

121 4708 155 4766 (t)
175 4707 267 4756 Lettrre
279 4708 308 4755 dr
320 4708 430 4771 quelques
441 4706 519 4769 Juiss,
529 4712 586 4753 tom.
600 4706 621 4763 l,
633 4722 654 4768 p.
665 4705 720 4753 935.

250 4779 254 4802 l
