2738 5032
385 253 441 314 DE
463 252 638 319 Paruum
658 251 971 314 submittuntur.
1208 252 1270 311 ⁴8⁸

83 419 161 475 taxat
172 410 221 484 qui
235 409 355 471 diversis
367 410 435 471 licet
447 413 622 491 temporibus
632 422 661 472 et
669 412 751 480 locis,
765 412 795 470 in
807 412 890 470 unius
903 416 997 470 tamen
1009 409 1150 471 Ecclesiae
1156 407 1264 468 Catho-

81 508 145 567 lice
160 510 360 570 communione
374 520 403 569 et
422 510 477 569 lide
498 521 706 591 permanentes,
728 511 855 587 magistri
875 510 1033 586 probabiles
1054 508 1216 576 extiterunt,
1235 517 1266 566 ct

81 605 222 680 quidquid
235 624 294 665 uon
307 624 382 665 unus
395 619 443 666 aut
455 606 512 666 duo
526 619 644 676 tantum,
656 607 706 665 sed
727 623 827 665 omnes
841 605 944 682 pariter
956 624 1015 665 uuo
1028 605 1185 678 eodemque
1199 623 1267 663 cou-

82 720 171 760 sensu
191 713 296 780 aperte,
311 703 481 778 frequenter,
495 713 708 781 perseveranter
727 705 862 771 mouisse,
877 703 1039 779 scripsisse,
1055 702 1188 761 docuisse
1201 719 1267 778 cog-

83 801 204 879 noverit,
226 801 256 858 id
279 800 333 863 sibi
358 820 471 876 quoque
495 802 632 880 intelligat
655 803 762 875 absque
785 800 843 859 ulla
860 800 1033 859 dubitatione
1048 799 1268 859 credendum.’..'¹

85 895 231 955 Caeterum
251 897 422 971 ubicumque
442 897 551 956 discors
572 898 699 956 rideatur
719 897 923 966 testimonium,
948 894 1071 955 morulis
1097 896 1268 955 unanimitas

85 992 259 1067 querenda
251 1003 304 1062 est,
319 993 380 1052 fieri
401 995 476 1053 enim
505 996 598 1071 potuit
615 1005 647 1052 ut
665 1013 754 1052 unum
774 1006 822 1051 aut
841 993 958 1060 alterum
978 993 1075 1051 lateret
1095 991 1221 1050 doctrina
1240 1003 1269 1050 ct

86 1089 200 1149 uaditio
213 1089 362 1158 Ecclesiae,
377 1089 412 1148 de
425 1110 455 1149 re
469 1091 563 1164 aliqua
574 1090 702 1168 speciali,
716 1108 801 1164 qnam
816 1089 971 1167 plerique
964 1107 1092 1166 ignorare
1112 1106 1170 1146 nou
1191 1099 1270 1223 pots·

84 1199 168 1245 rant:
183 1187 565 1265 sitigitursecundaregula·

126 1282 165 1341 ιι.
187 1282 431 1356 Quandocumque
445 1301 601 1344 censensus
615 1283 732 1355 Patnrm
744 1282 887 1341 unanimis
902 1282 1014 1365 penitus
1025 1300 1084 1340 non
1097 1291 1150 1348 est,
1164 1279 1272 1339 sufficit

88 1377 287 1455 plerorumque
312 1398 431 1439 concors
453 1390 482 1438 et
507 1381 621 1439 firmum
644 1379 838 1450 testimonium
862 1377 898 1437 de
922 1377 1047 1439 doctrine
1070 1387 1101 1437 et
1122 1376 1272 1436 traditione

86 1475 238 1544 Ecclesia.

127 1572 218 1632 Retro
225 1582 269 1632 est
282 1573 439 1643 manifesta,
455 1575 523 1647 quia
535 1535 626 1652 agitur
639 1573 676 1632 dc
688 1573 762 1633 sacto
775 1572 931 1642 noscendo,
941 1573 1051 1631 scilicet
1063 1573 1132 1646 quid
1142 1573 1211 1632 olim
1223 1573 1271 1633 do

87 1671 179 1728 cuent
190 1670 332 1739 Ecclesia,
347 1671 425 1744 quod
443 1690 480 1741 ιιι
500 1670 669 1731 testimoniis
689 1659 856 1730 discendum
878 1681 940 1728 ιιιι
961 1672 1078 1729 testibus
1100 1683 1193 1729 autern
1212 1689 1271 1730 non

87 1765 201 1842 penitus
217 1765 414 1836 concordibus,
425 1766 769 1843 plerorumquestandum
783 1777 827 1826 est
840 1765 933 1834 (ιιιιιι,
954 1766 979 1824 si
1000 1765 1098 1843 graves
1112 1767 1179 1834 sint,
1194 1766 1272 1825 etde

87 1879 119 1920 re
132 1862 188 1920 sibi
201 1872 271 1920 nota
282 1872 435 1932 testentur3
460 1882 513 1922 nec
538 1882 692 1939 paucorum
715 1862 862 1924 dissensus
887 1863 1072 1941 plurimorum
1092 1860 1272 1941 concordiam

87 1959 232 2019 infirmare
257 1960 340 2018 valet.
383 1960 527 2020 Ceterum
540 1961 693 2036 loquimur,
712 1969 843 2038 utpatet,
865 1959 900 2018 de
924 1958 1087 2031 testimonio
1112 1960 1189 2034 quod
1207 1960 1275 2018 dant
1325 2006 1327 2015 ,

89 2044 189 2116 Patres
202 2066 263 2117 r‘em
277 2056 311 2115 ad
325 2039 485 2136 depositum
499 2057 631 2117 docuinae
656 2057 805 2136 pertinere.
848 2057 925 2116 Hinc
949 2058 1122 2117 clarissimus
1145 2058 1272 2134 Scriptus

89 2175 160 2216 mox
165 2156 308 2227 laudabas,
319 2176 385 2217 cum
392 2158 585 2232 antiquitatem
598 2168 628 2215 et
640 2156 857 2230 consensionem
868 2158 950 2230 sequi
959 2174 1012 2214 uos
1024 2167 1153 2233 oportere
1162 2155 1274 2215 docuis-

89 2263 144 2320 set,
159 2252 289 2331 adjunxit
300 2272 353 2313 nos
367 2255 449 2328 sequi
471 2255 702 2331 “antiquitatem
717 2255 742 2312 si
757 2254 791 2311 ab
805 2253 850 2311 his
869 2253 1002 2318 sensibus
1022 2252 1181 2310 nullatenus
1197 2273 1284 2319 rece,

92 2347 411 2424 sacramencum
426 2352 547 2428 majores
562 2370 594 2409 ac
608 2351 707 2413 Patres
721 2361 831 2408 nostros
846 2349 1003 2434 celebrasse
1017 2349 1198 2407 manifestam
1211 2359 1279 2407 ests,

96 2445 326 2507 consensionem
341 2467 453 2523 quoque
467 2448 613 2518 itidem,
590 2467 616 2534 ιι
629 2448 659 2506 in
672 2449 736 2524 ipsa
749 2457 884 2506 vetustate
898 2449 1036 2515 omnium,
1051 2448 1096 2506 vel
1106 2458 1184 2520 certe
1203 2466 1278 2524 pene

90 2545 219 2604 oninium
233 2545 417 2609 Sacerdotum
431 2547 535 2624 pariter
548 2555 577 2604 ct
590 2530 789 2643 magistrorum
801 2544 982 2604 definitiones
995 2545 1204 2618 sententiasque
1215 2564 1277 2603 sec·

89 2640 204 2699 temur.’
207 2641 231 2676 ’¹

128 2736 187 2796 ΙιΙ.
207 2734 358 2796 Unanimis
372 2738 487 2797 Petrum
499 2755 656 2801 cousensus
670 2735 701 2795 in
713 2734 922 2812 interpretanda
935 2734 1081 2812 Scriptura
1094 2744 1138 2792 est
1151 2735 1275 2807 certissi-

89 2852 170 2895 mum
184 2836 302 2912 gannim
310 2837 372 2913 ejus
384 2854 485 2894 sensus
499 2834 637 2903 indicium
651 2853 660 2902 ι
682 2834 728 2892 cui
738 2833 856 2915 proinde
865 2850 1020 2905 numquam
1030 2833 1097 2890 licet
1110 2852 1276 2910 repugnare.

131 2933 272 3011 Regulam
292 2934 366 2992 hanc
385 2933 597 3011 intelligendam
610 2933 703 3006 liquet
720 2932 754 2990 de
770 2929 952 3009 dogmatibus
966 2940 1031 3004 'quae
1052 2931 1152 2989 Patres
1166 2931 1278 2991 tradunt

91 3032 230 3090 veluti-ex
244 3026 398 3114 Scripturis
412 3032 545 3108 derivata,
557 3050 656 3090 eorum
668 3031 744 3090 eninr
759 3030 953 3114 consensuris
965 3029 1130 3106 hujusmodi
1141 3032 1276 3109 interpre-

98 3126 204 3188 tatione
218 3146 276 3188 uon
296 3130 395 3188 nititur
406 3130 582 3207 singulorum
596 3124 632 3188 de
652 3145 756 3188 vocumv
771 3130 798 3200 vi
819 3139 847 3186 et
860 3129 1073 3205 significatione
1091 3129 1211 3207 judicio,
1226 3129 1277 3188 sed

92 3227 207 3303 publica
229 3227 354 3285 doctriua
378 3237 407 3285 et
429 3227 668 3289 ducecebant
703 3229 821 3294 Quoties
836 3239 929 3286 autem
943 3224 1048 3302 singuli
1062 3245 1128 3283 suas
1137 3217 1272 3304 interpre-

93 3326 213 3384 ιιιιιοιιιιι
235 3324 379 3402 opinando
392 3325 519 3394 tradunt,
534 3344 586 3384 nec
606 3325 732 3385 doctrina
753 3315 902 3395 Ecclesia.
913 3325 1049 3393 nituntur,
1063 3342 1197 3382 numerus
1217 3343 1275 3384 non

98 3424 172 3500 parit
192 3412 387 3483 certitudinem
409 3433 472 3481 ante
486 3424 613 3482 solemne
627 3423 767 3491 Ecclesim
785 3423 884 3499 ipsius
892 3421 1043 3498 judicium.
1085 3421 1168 3488 Quod
1182 3432 1276 3483 autem

99 3521 130 3579 in
143 3521 319 3598 professione
334 3521 423 3580 Plana
437 3521 619 3599 polliceamur
629 3539 682 3579 nos
693 3521 808 3578 nonnisi
817 3521 900 3597 juxta
909 3520 1070 3578 unanimem
1082 3520 1196 3578 Petrum
1211 3540 1278 3580 con·
1316 3546 1320 3554 ·

97 3627 214 3676 sensum
236 3619 388 3696 scripturas
409 3619 648 3695 interpretaturos,
663 3619 701 3675 ita
721 3617 935 3694 intelligendum
948 3630 1001 3686 est,
1015 3627 1046 3674 ut
1060 3617 1136 3675 nulla
1149 3617 1278 3697 ‚tradatur

95 3715 248 3792 explicatio
262 3734 325 3789 quae
339 3716 366 3773 ei
380 3734 437 3773 non
451 3715 609 3783 conveniat,
624 3703 694 3773 adeo
707 3723 740 3792 ut
758 3714 896 3791 principia
918 3712 965 3770 illa
979 3732 1041 3786 quae
1063 3715 1189 3773 unanimi
1209 3732 1276 3775 con·

95 3828 182 3870 sensu
195 3810 308 3870 uadunt
321 3810 430 3881 Patres,
442 3811 499 3870 sint
509 3829 608 3870 norma
618 3810 652 3870 ad
664 3829 747 3897 quam
760 3808 853 3869 omnis
869 3810 1061 3886 interpretatio
1070 3811 1107 3873 sit
1115 3810 1275 3910 ‘reserenda

88 4064 90 4068 ¹
127 4003 170 4072 (1)
187 3981 316 4056 common.
327 4021 349 4055 c.
359 4005 391 4065 ir,

125 4087 163 4150 (2)
179 4086 310 4139 common.
320 4105 344 4138 c.·
351 4087 389 4138 iii

126 4171 195 4241 (³)“
202 4171 281 4238 Many
290 4173 371 4237 points
383 4188 447 4222 were
461 4172 520 4222 with
532 4173 600 4233 them
611 4188 626 4221 a
636 4151 735 4238 subject
742 4170 774 4220 of
783 4116 928 4234 testimony,
937 4167 1019 4218 which
1032 4159 1091 4218 ιιιιιι
1108 4170 1208 4219 modern
1227 4170 1269 4220 cri

100 4258 154 4313 tica
160 4252 304 4319 Μῶα
309 4256 406 4322 merely
416 4256 446 4306 ol
457 4257 602 4321 conjecture,
613 4271 640 4304 or
651 4262 677 4305 at
688 4261 751 4304 most
761 4254 792 4304 ol
802 4255 911 4306 absume
924 4252 971 4301 aad
983 4251 1078 4305 critical
1089 4240 1232 4302 discussion.
1249 4254 1275 4304 it

95 4345 118 4394 ιι
129 4343 188 4409 only
199 4341 263 4392 irum
273 4343 372 4392 ancient
384 4342 483 4393 authors
499 4341 552 4390 that
567 4341 635 4390 these
651 4340 750 4389 ancient
766 4352 863 4403 uragu,
874 4337 900 4385 in
912 4336 981 4405 other
998 4336 1083 4406 things
1094 4353 1121 4385 us
1137 4336 1192 4386 well
1203 4353 1231 4386 as
1241 4338 1274 4387 ιιι

94 4429 227 4493 langusge,
236 4427 324 4476 cenhe
335 4410 476 4475 discovered
486 4426 517 4488 by
536 4440 574 4482 us,
585 4423 666 4473 which
677 4430 704 4480 to
718 4422 786 4473 them
796 4421 865 4473 duod
882 4436 915 4470 ou
927 4419 969 4469 tbs
987 4419 1081 4483 footing
1092 4419 1122 4467 of
1132 4426 1239 4470 matters
1250 4423 1280 4473 of

93 4511 151 4570 fact,
162 4509 274 4561 whereol’
284 4509 342 4575 they
353 4508 427 4577 could
430 4515 479 4557 not
490 4508 519 4557 bo
533 4507 665 4572 ignorantv
680 4506 825 4571 Languago,
835 4520 862 4553 as
873 4503 919 4552 has
930 4498 992 4553 bssn
1002 4499 1125 4562 mserved,
1135 4501 1156 4551 is
1168 4501 1274 4561 founded

96 4597 124 4647 in
134 4591 204 4647 uss·”
236 4593 334 4658 Georgo
343 4590 471 4655 Campbell
482 4591 538 4658 dian
551 4591 581 4640 ιι.
593 4607 618 4654 ιι.
632 4589 685 4639 112.
1080 4625 1081 4629 ,
1227 4625 1230 4631 .

217 4679 291 4738 Vou.
306 4677 414 4737 1.-oo
446 4718 454 4743 .
