2738 5032
84 257 122 312 30
168 306 173 315 .
524 249 580 309 DE
602 246 825 309 Hlsrottlca

31 454 34 459 -
84 420 149 469 ente
164 410 272 488 populo
285 412 421 469 ιἰιιιιιιιιι-
433 427 497 467 esse
518 418 620 469 terram
642 407 836 483 promissam,¹
850 404 920 463 adeo
941 414 973 463 ut
987 402 1172 481 quadraginta
1181 422 1273 463 annos

85 521 218 576 errantes,
233 528 334 568 omnes
349 509 398 581 qui
412 508 582 584 vigesimum
597 524 701 562 annum
714 503 906 580 expleverant,
919 503 1022 561 mortui
1045 501 1111 568 sint,
1126 502 1199 581 solis
1220 521 1271 561 ex·

84 605 174 680 ceptis
190 604 279 663 Caleb
293 615 322 662 et
334 605 435 662 Josue.
472 601 604 660 Proedicit
615 600 755 659 israelitas
770 618 864 675 regern
879 599 1040 675 petituros,²
1052 597 1134 673 cujus
1150 617 1271 656 munera

84 699 199 759 definit:
215 702 290 774 quod
306 701 419 759 nonnisi
434 710 499 776 post
512 708 631 770 quatuor
644 696 748 755 saecula
761 706 924 753 eventurum
940 704 1007 751 crat.

126 795 198 865 Haec
212 798 307 855 omnia
321 797 430 869 aliaque
444 796 565 872 plurima
578 812 640 869 qtrae
652 812 736 850 nemo
750 791 936 869 conjiciendo,-
949 791 1039 866 potuit
1057 791 1183 870 assequi,
1196 809 1272 864 que·

85 880 141 964 que
164 892 280 968 impleta
300 911 363 950 esse
384 900 503 957 constat,
525 891 642 968 probant
666 889 744 947 Mosi
769 888 863 945 Deum
889 887 1039 964 aspirasse,
1060 896 1090 944 et
1108 886 1270 947 futurorum

84 989 184 1047 notitia
197 989 259 1065 ejus
273 990 402 1047 sanxisse
416 989 593 1070 missionem.

127 1086 193 1166 obj.
215 1082 286 1154 Qua
299 1087 421 1164 Moyses
435 1086 519 1144 refert
532 1083 663 1162 praedicta
676 1095 704 1142 et
717 1086 832 1162 impleta
845 1083 903 1140 vim
920 1082 1057 1159 probandi
1070 1101 1129 1142 non
1149 1082 1268 1154 habeut,

87 1203 141 1243 nec
155 1185 231 1242 enim
242 1193 355 1242 constat
369 1182 404 1241 de
419 1183 551 1243 vaticinio
560 1181 613 1238 diu
628 1180 691 1238 ante
706 1163 837 1239 eventum
851 1179 938 1237 edito.

123 1279 211 1357 Resp.
234 1279 355 1339 Constat
366 1278 480 1352 quidem
495 1277 530 1335 de
545 1278 692 1345 vaticinio;
708 1278 807 1335 Moses
821 1276 896 1334 enim
920 1276 991 1345 illud
1010 1275 1169 1343 referendo,
1184 1276 1268 1334 tacite

85 1377 208 1454 appellat
226 1376 381 1454 legentium
394 1373 491 1431 fidem.
532 1373 565 1430 Si
579 1372 655 1431 nulla
668 1373 736 1430 alias
757 1373 858 1431 suisset
872 1374 1005 1433 Israelitis
1020 1371 1064 1429 de.
1075 1369 1275 1447 promissione

85 1474 210 1532 Abrahae
223 1473 295 1529 tacta
305 1471 413 1538 notitia,
428 1488 480 1527 nec
495 1488 579 1526 ausus
594 1469 693 1527 suisset
706 1469 753 1527 ille
767 1489 830 1527 eam
844 1472 974 1548 allegare,
988 1488 1041 1526 nec
1055 1468 1085 1526 hi
1099 1485 1163 1525 eam
1184 1485 1269 1525 exce·

85 1571 203 1646 pissent.
234 1569 290 1638 Pro
301 1578 377 1638 certo
386 1567 470 1644 igitur
480 1566 638 1624 habendum
650 1578 694 1624 est
704 1586 766 1624 eam
778 1569 941 1644 amajorum
952 1566 1099 1625 traditione
1110 1554 1267 1623 derivatam

85 1683 137 1741 per
149 1674 268 1737 quatuor
281 1663 383 1721 saecula
393 1663 480 1721 fuisse
492 1652 657 1720 celebratam
671 1663 807 1720 memoria
818 1675 994 1739 posterorum
1005 1661 1136 1726 abrahe,
1149 1660 1273 1737 Moysis·

84 1772 210 1838 ternpore
225 1759 335 1817 tandem
349 1758 514 1835 plenissime
526 1758 717 1835 adimpletam.
759 1757 842 1823 Quod
854 1758 888 1816 ad
899 1761 952 1817 alia
963 1758 1093 1818 vaticinia
1104 1758 1191 1834 paulo
1201 1767 1267 1815 ente

84 1867 216 1914 eventum
236 1858 270 1913 ab
285 1856 348 1931 ipso
362 1856 468 1931 Moyse
483 1854 557 1911 edita
577 1854 707 1929 pertinet,
722 1855 805 1910 breve
826 1855 894 1913 illud
909 1857 1045 1932 temporis
1065 1856 1188 1931 spatium
1209 1874 1268 1913 non

85 1954 285 2012 obstateorum
300 1951 466 2018 auctoritati,
481 1951 610 2022 quamvis
624 1949 877 2025 enimplorumque
891 1971 924 2010 ea
937 1953 995 2010 sint
1015 1952 1104 2011 divini
1124 1953 1196 2010 eatis
1209 1972 1272 2011 ma·

80 2049 144 2124 jora
168 2047 282 2115 indicia,
303 2045 380 2119 quod
403 2065 448 2102 res
472 2054 538 2121 post
559 2046 662 2102 seriem
686 2045 801 2122 longam
825 2048 993 2105 saecnlorum
1017 2056 1165 2105 eventuras
1191 2057 1270 2106 certo

84 2145 254 2222 predixerit,
270 2153 363 2220 potest
376 2143 554 2217 tamenfieri,
569 2152 600 2200 ut
618 2160 664 2199 res
685 2143 770 2218 paulo
789 2155 855 2220 post
866 2132 1002 2202 eventura
1015 2156 1137 2217 nequeat
1156 2142 1267 2203 ratione

85 2242 142 2298 ulla
155 2240 282 2308 naturali,
297 2239 342 2297 vel
353 2240 523 2316 conjectura,
538 2240 686 2316 praenosci,
698 2250 805 2316 utpote.
810 2260 872 2314 quae
887 2253 967 2299 extra
987 2252 1154 2301 consuetum
1168 2260 1265 2312 rerum

84 2335 212 2393 ordinem
232 2346 392 2423 naturaque
406 2353 520 2395 cursum
534 2336 571 2392 sit
591 2335 691 2413 posita
737 2336 887 2412 Ejusmodi
906 2337 1020 2395 fuerunt
1039 2354 1135 2410 quaea
1154 2337 1266 2415 Moyse

84 2431 219 2509 praedicta
232 2442 298 2491 sunt

127 2527 193 2607 obj.
208 2534 237 2587 2.
258 2531 388 2607 Tempus
403 2531 543 2589 servitutis
558 2530 740 2617 AEgyptiaoae
764 2531 898 2608 perbreve
917 2498 981 2601 luit,
996 2550 1062 2591 nam
1082 2484 1243 2610 Josepho
1234 2552 1265 2591 ιιι

84 2626 168 2694 vivis,
183 2636 211 2684 et
224 2627 308 2685 etiam
321 2639 430 2723 postea,
445 2628 533 2704 gratia
546 2626 621 2703 apud
635 2627 812 2685 Pharaonem
827 2629 985 2696 valuerunt
993 2629 1137 2703 israelite,
1152 2629 1204 2702 qui
1217 2629 1268 2687 vix

83 2723 155 2782 ultra
168 2718 324 2783 ducentos
324 2742 412 2781 annos
434 2725 464 2781 in
471 2724 619 2800 AEgypto
632 2722 777 2800 degerunt.
817 2725 948 2807 Attamen
969 2728 1037 2791 400,
1049 2724 1097 2782 vel
1117 2728 1191 2782 430
1186 2724 1266 2783 anni

84 2820 222 2905 adsignati
236 2821 344 2879 suntin
359 2821 501 2879 vaticinio.
738 2841 741 2846 ·
1042 2860 1045 2864 ⁴

121 2917 209 2994 Resp.
231 2919 361 3001 Tempus
375 2917 508 2976 vaticinio
521 2916 698 2994 designatum
711 2921 769 2975 430
783 2936 918 2975 annorum
934 2937 950 2974 a
964 2927 1062 2977 vocato
1081 2861 1204 2986 Abraha,
1220 2917 1267 2976 vel

83 3018 141 3071 400
155 3033 171 3070 a
184 3024 249 3071 nato
262 3014 352 3080 Isaac,
366 3015 618 3090 peregrinationem
630 3015 659 3071 in
671 3025 742 3071 terra
751 3013 887 3073 Chanaan
898 3014 942 3070 et
935 3033 965 3072 ιιι
976 3014 1118 3090 AEgypto,
1131 3031 1266 3072 unacum

84 3111 217 3169 servitute
230 3128 294 3181 quae
313 3120 378 3185 post
396 3110 532 3167 secundas
557 3129 602 3167 res
617 3121 713 3166 secute
731 3119 775 3166 est
795 3110 1006 3215 complectitur,
1024 3109 1155 3186 apposito
1172 3109 1265 3168 limite

84 3206 260 3285 praedictioni
273 3190 308 3264 de
323 3205 486 3282 occupanda
500 3216 583 3263 terra.

121 3304 213 3384 Prop.
230 3310 257 3364 0.
280 3304 384 3363 Omma
395 3323 457 3376 quae
471 3304 582 3361 retulit
575 3323 603 3360 ιιι
614 3303 800 3380 pentateucho
812 3304 943 3380 Moyses
956 3305 1040 3363 ettam
1051 3321 1171 3377 quorum
1183 3305 1265 3363 testis

62 3481 66 3485 1
83 3406 210 3465 oculatus
224 3423 281 3462 non
295 3403 357 3471 suit,
372 3403 455 3479 plena
468 3401 525 3459 fide
539 3411 606 3459 sunt
618 3402 797 3478 excipienda.
1271 3474 1274 3481 ἱ

32 3578 38 3585 ἢ
91 3526 93 3529 ·
123 3501 213 3561 Proh.
237 3501 357 3560 Constat
374 3499 565 3557 exmiraculis
581 3519 642 3572 quae
653 3499 775 3575 'patravit
795 3500 894 3557 Moses
909 3519 975 3558 eum
989 3482 1123 3557 divinitus
1138 3498 1265 3559 electum

85 3598 119 3657 ad
139 3601 277 3677 populum
297 3591 466 3667 ducendum,
481 3609 509 3656 et
523 3598 714 3667 edocendum,
735 3608 763 3657 et
783 3618 820 3656 ex
835 3609 892 3656 tota
906 3600 969 3656 vitre
986 3618 1044 3656 suae
1064 3599 1180 3675 ratione¹
1195 3617 1265 3659 eum

84 3696 171 3756 titisse
192 3696 413 3772 integerrimum,
428 3697 543 3768 verique
565 3707 701 3753 tenacem.
742 3695 823 3772 Ergo
841 3694 999 3753 censendus
1014 3706 1057 3752 est
1077 3713 1136 3753 non
1156 3703 1266 3755 temere

85 3793 238 3868 quidquam
252 3793 390 3862 retulisse,
401 3794 452 3851 sed
466 3793 599 3851 divinitus
613 3793 739 3859 edoctus,
752 3793 797 3849 vel
810 3792 975 3851 certissimis
984 3793 1099 3850 innixus
1110 3791 1269 3852 documen·

83 3892 129 3949 tis.
171 3886 310 3947 Praeterea
323 3899 425 3965 praesto
439 3891 480 3947 illi
491 3890 602 3947 luerunt
615 3890 694 3966 plura
707 3889 837 3946 subsidia,
846 3889 881 3947 ad
891 3908 985 3949 rerum
998 3900 1139 3966 gestarum
1153 3901 1262 3950 certam

85 3987 289 4060 assequendam
311 3988 449 4054 notitiam
471 3988 542 4045 vixit
562 3987 649 4054 enirn,
670 3988 752 4063 juata
772 3997 916 4064 receptum
938 3979 1087 4054 caleulum,
1109 3989 1263 4064 nongentis

85 4085 194 4144 circiter
217 4094 283 4160 post
303 4083 439 4142 diluvium
460 4083 550 4152 annis,
565 4084 608 4141 bis
629 4084 706 4141 mille
720 4084 880 4160 quingentis
901 4093 966 4160 post
986 4085 1082 4141 orbem
1103 4083 1262 4144 conditum.

85 4182 248 4242 Eventuum
262 4191 354 4239 autem
368 4181 533 4258 insignium,
545 4182 593 4255 qui
607 4200 723 4238 nurnero
738 4192 803 4238 sunt
813 4180 905 4257 pauci,
919 4181 1072 4256 paucisque
1084 4182 1273 4240 continentur-

83 4279 226 4356 capitulis,
241 4277 339 4343 notitia
351 4277 432 4335 facile
452 4287 560 4355 poterat
573 4296 623 4354 per
636 4276 665 4334 id
680 4279 813 4354 temporis
829 4277 988 4345 transmitti,
1003 4295 1091 4349 quum
1111 4277 1262 4337 hominum

86 4377 143 4434 vita
155 4374 284 4432 diuturna
295 4384 379 4441 esset,
393 4374 432 4430 ita
444 4386 476 4431 ut
485 4392 559 4431 unus
570 4372 692 4430 sufficiat
701 4374 779 4430 testis
792 4371 900 4430 medius
912 4373 984 4429 inter
994 4371 1135 4429 Adamum
1144 4383 1173 4429 et
1184 4372 1264 4442 Noe,

62 4479 67 4485 '
84 4493 187 4552 nempe
202 4472 372 4539 Mathusala,
387 4473 436 4543 qui
450 4464 507 4530 600
521 4473 601 4532 annis
614 4472 686 4530 vixit
699 4490 763 4529 cum
780 4471 900 4538 Adamo,
918 4475 975 4528 300
984 4488 1054 4527 cum
1063 4469 1146 4538 Noe,
1161 4481 1191 4528 et
1204 4481 1264 4529 tres

118 4732 145 4801 ι,
258 4688 295 4749 (l)
312 4687 386 4737 Num.
398 4687 445 4737 xiv.
457 4693 482 4736 ei
492 4685 567 4735 Num.
578 4687 642 4736 xxvi.
718 4682 721 4691 '
838 4680 876 4747 (2)
893 4684 966 4743 Dput.
977 4683 1033 4733 xvii.
1043 4683 1080 4731 14.
