2738 5032
104 278 145 334 ot
367 272 370 278 ’
487 274 542 336 DE
565 274 835 337 DOGMATIBUS
856 275 913 335 ET

144 433 215 514 otj.
232 440 259 493 5.
283 425 416 494 Humana
429 438 566 495 sacrificia
584 437 714 512 exigebat
723 436 771 493 lex
785 436 930 494 Mosaios:
944 435 973 492 in
988 434 1116 492 Levitico
1130 400 1289 512 quippeide

104 533 280 593 anathemate
295 546 400 628 mn
424 536 523 611 agitur,
545 526 754 606 quo'homiue's
776 534 860 590 etiarn
885 542 1012 609 poterant
1036 531 1100 589 Deo
1119 531 1291 591 devoverit*

105 642 289 717 additurque:
313 633 436 704 “omnis
456 645 630 705 consecratio
650 648 720 718 quae¹
733 645 895 703 offertur'ab
909 642 1025 702 homine
1047 661 1105 702 non
1124 640 1291 710 redimetur,

105 738 158 798 sed
172 751 260 821 morte
274 742 454 800 133313ιιι’3.”4
493 742 605 823 Populo
620 726 685 818 pos't
697 741 805 798 cladem
828 726 1047 799 Madianitamm
1060 738 1205 805 redeunte,
1222 755 1293 814 pre·

103 840 182 916 cepit
195 839 274 899 Deus
289 853 319 898 ut
333 824 495 918 separarent
507 849 614 916 partem
630 839 746 903 Domini
761 839 794 896 ab
810 837 854 895 his
867 840 915 911 qui
931 830 1125 915 pugrrasemnt
1135 837 1166 894 'et
1179 835 1295 895 suerum

105 937 136 995 in
147 924 282 995 bello—“
291 959 375 996 unam
389 936 511 1003 animam¹
521 937 555 994 de
567 937 728 1013 quingentis
740 949 796 994 tam
808 955 845 993 ex
856 937 1030 1025 hominibus,
1043 954 1127 1008 quam
1139 952 1176 992 ex
1187 935 1290 1002 bobus,

103 1042 134 1094 33
147 1035 245 1102 331313,
260 1047 288 1092 31
302 1034 413 1116 ovibus,
426 1046 453 1092 et
464 1035 543 1092 dabis
558 1053 620 1090 eam
634 1033 774 1090 Eleazaro
788 1033 936 1098 sacerdoti,
950 1035 1015 1106 quia
1027 1031 1159 1109 primitiae
1172 1030 1293 1089 Domini

33 1180 37 1187 ,
105 1129 203 1186 sunt‘
208 1134 219 1163 4
258 1112 329 1189 Haec
338 1131 378 1187 de
393 1130 572 1189 immolandis
596 1130 761 1201 hominibus
779 1129 942 1205 accipienda
961 1148 1025 1213 esse
1046 1124 1165 1209 suadent
1177 1146 1241 1202 quae
1242 1118 1292 1185 de

105 1222 203 1283 isaaco
217 1227 389 1285 immolando
404 1228 538 1303 proecepit
559 1218 664 1293 1131134
683 1224 718 1282 de
733 1226 813 1301 Agug
826 1244 938 1298 quoque
953 1227 995 1288 int
984 1224 1174 1292 terftciendo,⁵
1185 1234 1214 1281 33
1228 1244 1290 1321 quae

103 1318 209 1398 dephte
224 1325 310 1390 vovit,
317 1330 353 1380 33
367 1324 539 1399 adimplevit,
555 1323 613 1381 filia
628 1320 789 1378 33333334

143 1416 232 1496 Reap.
254 1420 352 1477 Homo
366 1420 541 1478 anathemate
558 1419 621 1476 Deo
643 1419 760 1507 devotus
782 1436 838 1479 uon
852 1430 967 1493 poterat
981 1417 1095 1490 quidem
1111 1370 1223 1484 redimi,
1238 1416 1291 1475 ne'c

104 1522 199 1571 331333
214 1506 297 1571 morti
317 1514 443 1572 addictus
458 1527 510 1582 333,
526 1515 575 1572 sed
599 1496 734 1591 perpetuo
752 1515 781 1571 in
796 1510 957 1601 servitutem
974 1513 1072 1590 templi
1095 1501 1290 1597 mancipatus

104 1611 189 1668 verba
199 1613 306 1689 quippe
321 1613 430 1690 objecta
443 1614 597 1691 respiciunt
611 1613 762 1689 animantia
776 1613 810 1669 ab
832 1613 948 1677 homine
963 1613 1063 1679 oblata,
1077 1616 1200 1686 quaeque
1208 1612 1291 1697 J'uxta

103 1705 197 1783 legem
220 1720 348 1784 poterant
368 1711 493 1767 mactari.
533 1707 632 1768 Vetuit
645 1695 774 1787 Moyses
797 1727 833 1765 ne
855 1702 989 1793 Israelita
1005 1704 1209 1766 Chananeus
1200 1709 1291 1766 turita-

103 1813 208 1872 rentur,
236 1804 373 1867 humanas
402 1808 549 1865 mactando
572 1808 711 1869 victimas,
735 1803 811 1876 qnod
839 1787 939 1862 merito
955 1802 1032 1861 dicit
1048 1805 1290 1863 abominandum:

25 1905 28 1910 '
104 1899 204 1958 “Non
232 1896 318 1981 facies
347 1904 477 1961 similiter
506 1904 633 1961 Domino
664 1903 728 1959 Deo
750 1900 827 1958 tuo:
843 1902 950 1958 onmes
964 1892 1042 1960 enim
1051 1884 1289 1965 abominationes

103 2015 174 2069 quas
189 2010 337 2057 aversetur
345 1999 487 2058 Dominus
503 1998 628 2073 lecerunt
641 1999 696 2056 diis
708 1998 777 2073 3313,
790 1986 940 2057 offerentes
955 1990 1028 2055 lilios
1040 2009 1068 2056 et
1078 1996 1161 2067 filias,
1174 2009 1203 2056 et
1208 2012 1292 2087 com·

102 2095 253 2154 buientes
246 2117 315 2174 rgm.
297 2096 361 2134 ”⁷
392 2098 487 2154 Satis
479 2100 563 2175 rglttsr
576 2098 665 2187 liquet
678 2097 768 2159 verba'
775 2096 885 2173 objecta
897 2092 955 2153 non
970 2115 1053 2173 posse
1069 2082 1292 2171 1331333333-

99 2191 198 2266 plecti,
213 2211 285 2263 quos
307 2185 355 2249 1313
367 2195 478 2252 vetabat
491 2180 641 2266 immolari
685 2192 842 2252 Chananaei·
855 2192 983 2267 quidem,
996 2192 1170 2279 anathemate
1192 2188 1308 2273 divido¹

102 2290 241 2364 percussi,
264 2291 294 2348 in
312 2277 549 2351 internecionem
555 2303 621 2358 sunt
643 2286 744 2358 traditi,
767 2290 884 2368 justitiae
907 2290 1008 2347 divinae
1032 2309 1126 2367 paenas
1126 2282 1290 2351 scelerum

102 2378 209 2453 luituri,
224 2400 276 2444 nec
299 2397 394 2446 tamen
415 2391 590 2448 victimarum
614 2390 677 2447 Deo
701 2389 860 2446 oblatarum
877 2384 1034 2445 habuerunt
1055 2388 1214 2457 rationem,
1245 2373 1291 2447 De

66 2517 68 2527 ·
103 2480 268 2540 Madianitis
282 2485 354 2542 nihil
368 2487 470 2545 dicitur
484 2482 560 2560 quod
574 2478 683 2557 suadet.
693 2479 813 2581 eosqui
829 2487 863 2563 13
884 2474 940 2542 Dei
959 2459 1120 2585 portionem
1141 2486 1290 2556 cedebant,

102 2578 191 2638 luisse
206 2583 378 2652 interlectos,
393 2605 465 2661 quos
480 2586 606 2662 captivos
622 2580 680 2642 tant
680 2605 728 2642 um
743 2588 771 2641 'et
786 2583 925 2677 mancipia
941 2572 1054 2673 habitos
1066 2580 1129 2641 es'se
1144 2583 1292 2643 verosimi-

60 2724 64 2731 .
102 2672 169 2736 1133
172 2689 224 2738 est.
266 2676 412 2765 Abraham
424 2678 486 2741 ante
501 2682 594 2774 legem
608 2682 700 2740 datam
698 2669 833 2768 speciali
845 2678 922 2738 D'ei
913 2669 1034 2757 Jussiom
1026 2650 1244 2771 obtemperare
1259 2700 1291 2741 se

102 2790 228 2854 paratum
243 2756 381 2848 exhibuit,
397 2780 447 2853 sed
470 2781 594 2838 humana
606 2770 680 2841 litari
694 2781 808 2846 victima
823 2774 913 2836 noluit
933 2776 1022 2835 Deus.
1040 2780 1165 2863 Ageg
1158 2799 1187 2840 ιιι
1203 2780 1292 2855 frusta

102 2875 243 2944 concisus,
256 2860 324 2935 Deo
334 2878 484 2954 jubente,
477 2897 507 2935 rn
522 2878 692 2935 sacrificium
709 2893 765 2934 non
780 2885 823 2933 est
836 2874 955 2941 oblatus,
968 2873 1017 2951 sed
1032 2874 1188 2944 facinorum
1204 2860 1293 2935 subiit

102 2988 223 3046 paenam.
265 2973 369 3049 Jephte
384 2975 443 3031 filia
456 2975 583 3050 pluribus
598 2973 708 3031 videtur
723 2973 786 3030 Deo
802 2972 911 3036 devota,
920 2971 1005 3044 virgo
1020 2988 1133 3071 semper
1144 2985 1295 3041 mansura,

102 3065 220 3125 minime
235 3078 328 3125 autem
333 3064 497 3127 1313313333
525 3070 660 3136 Quod
638 3090 662 3126 s1
676 3060 799 3126 occisam
815 3067 905 3143 patris.
916 3086 999 3123 manu
1014 3064 1081 3149 quis
1091 3060 1178 3152 putet,
1191 3066 1221 3126 id
1232 3088 1291 3155 non

102 3161 215 3239 legis
189 3183 227 3245 vs,
242 3164 291 3221 sed
308 3165 468 3251 improvido
483 3168 569 3242 patris
584 3167 703 3223 consilio
718 3159 905 3242 p'erper'ain
882 3163 984 3223 laetum
999 3163 1149 3222 dicendum
1164 3151 1217 3223 est.
1274 3182 1276 3187 ·

146 3259 213 3341 obj
229 3267 256 3320 6.
281 3262 374 3340 Leges
389 3262 424 3320 de
438 3275 516 3340 parte
531 3258 708 3321 victimanim
729 3262 920 3343 sacerdotibus
942 3253 1041 3329 danda,
1057 3263 1180 3336 aliaequc
1192 3238 1293 3341 113133-

103 3340 180 3416 modi
200 3359 345 3463 inducunt
351 3361 544 3465 suspicionem
559 3360 687 3425 avaritia
696 3357 894 3438 833313333113,
910 3359 1003 3465 potius
1018 3377 1103 3430 quam
1119 3357 1221 3439 divine
1236 3363 1292 3420 ori·

100 3457 187 3530 ginis.
1081 3508 1086 3516 ,

62 3631 65 3634 Δ
141 3550 229 3630 Resp
251 3555 382 3628 AEquum
393 3562 455 3612 3133
466 3565 497 3611 33
511 3520 677 3612 Sacerdotes
693 3528 924 3618 sustentarentur,
937 3522 1053 3659 populi
1046 3546 1161 3608 nomine
1172 3532 1296 3612 munera

102 3665 181 3706 saera
195 3650 362 3726 persoluturi
377 3646 457 3723 Deo:
473 3671 526 3741 uec
541 3652 662 3710 avaritia
678 3640 837 3709 insimulari
851 3644 975 3741 possunt
970 3634 1058 3755 q'uia
1064 3635 1161 3706 eorum
1177 3653 1291 3711 susten

36 3786 38 3791 .
103 3746 201 3804 3331331
216 3750 366 3807 consulunt
384 3751 503 3837 leges
568 3752 576 3835 1
1210 3758 1212 3762 '

76 3917 82 3927 Ι
120 3837 234 3925 Prop
249 3851 277 3903 4
300 3847 392 3925 Leges
409 3849 558 3925 judiciales
584 3849 725 3906 Mosaicre
740 3844 872 3933 politiam
896 3814 1062 3904 statuebant
1072 3843 1148 3924 genti
1162 3800 1293 3943 Judaieae

102 3958 227 3999 maxime
242 3944 490 4012 accommodatam
506 3965 581 4004 mani
583 3946 655 4003 esta
668 3935 724 4002 Der
740 3946 899 4025 auctoritate
915 3955 942 4000 et
956 3943 1140 4021 providende
1186 4018 1195 4028 .,
1253 4012 1255 4019 A

144 4036 233 4096 Prob.
254 4039 330 4097 Tota
349 4042 443 4118 legum
463 4041 641 4117 judicialium
663 4043 733 4131 ratio
757 4041 790 4098 ad
813 4020 907 4098 Deum
930 4040 1099 4098 referebatur
1120 4041 1170 4112 qui
1191 4053 1292 4102 auctor

99 4153 199 4194 earum
223 4139 441 4214 agnoscebatur:
464 4159 521 4211 quo
536 4150 624 4217 pacto
644 4144 673 4197 'et
692 4126 835 4223 principes
857 4149 886 4195 et
907 4138 1094 4215 magistratus,
1115 4139 1186 4196 nihil
1200 4141 1294 4213 veluti
1330 4176 1333 4181 ·

217 4340 220 4347 Ι
244 4362 489 4517 (1)Ι3331ξ
581 4394 589 4401 ’·
791 4345 1057 4449 ptissana-xc·
1196 4360 1201 4369 Ι
1265 4445 1269 4454 ¹

226 4458 228 4463 ¹
297 4465 341 4527 (2)
351 4438 418 4516 Ib'd
793 4468 829 4531 (6)
846 4468 927 4518 dudio.
939 4468 971 4517 xi.

236 4544 334 4610 (3,)
351 4548 426 4598 Num.
428 4534 504 4599 trs·
792 4552 828 4631 (3)
845 4548 1022 4600 Deseritur.

111 4660 116 4671 ·
170 4652 186 4717 ν.
279 4631 334 4723 ἱ(4)
351 4632 413 4682 Gen.
424 4633 482 4682 xxii.
578 4636 580 4643 '
1032 4656 1035 4664 =
