2768 5032
128 244 190 301 2⁸4
440 240 496 301 DE
519 238 748 301 TRIBUNALI
769 240 1011 301 DOCTRINAE.

130 418 246 477 semper
259 400 414 475 contigisse
429 418 466 457 ex
480 400 685 459 Ecclesiastica
699 401 816 457 historia
830 400 942 472 liquot¹
982 398 1148 471 Pontificias
1162 407 1257 454 autem
1273 394 1315 453 de·

131 498 276 555 finitiones
288 498 323 554 ab
337 497 550 572 Episcoporunr
564 497 686 573 collegio
699 507 843 572 exceptas,
858 497 918 555 sive
934 497 963 553 in
976 495 1117 564 Concilio,
1130 494 1191 551 sive
1204 495 1232 551 io
1247 492 1316 549 sedi-

131 594 185 652 bus
200 594 272 660 suis,
288 592 332 649 vel
348 592 550 650 subscribendo
562 592 692 661 decretis,
709 594 753 651 vel
767 593 841 650 hand
855 591 1014 658 renitendo,
1027 592 1082 649 vim
1098 592 1201 648 habere
1215 600 1245 647 et
1257 608 1318 646 auc-

132 691 271 749 toritatem
287 690 462 748 infallibilem
476 708 561 748 nemo
575 691 749 749 orthodoxus
771 691 924 767 negaverit.
968 688 1045 748 Hinc
1066 690 1247 766 Pelagianos,
1263 687 1316 762 Sy.-

134 785 240 845 trcdum
257 787 426 845 Generalem
441 788 590 845 convocari
601 788 796 862 postulantes,
811 786 952 862 redarguit
972 787 1168 863 Augustinus:
1213 781 1319 851 “Quid

135 896 180 941 est
193 903 260 960 ergo
272 883 349 957 quod
363 884 472 951 dicunt,
491 884 689 959 ‘simplicibus
704 885 857 959 episcopis,
872 883 934 939 sine
955 883 1174 959 congregatione
1196 879 1319 956 Synodi,
1357 933 1360 937 .

138 980 169 1039 in
191 978 261 1036 locis
282 980 343 1037 suis
366 979 539 1046 sedentibus,
561 990 669 1036 extorta
682 979 853 1055 subscriptio
867 979 941 1035 estf'
964 982 980 1014 ¹*
1000 984 1016 1015 ι
1037 982 1053 1014 *
1075 977 1321 1061 “congregatione

135 1077 242 1154 synodi
256 1096 328 1153 opus
343 1086 410 1143 erat,
426 1087 457 1133 ut
470 1088 565 1152 aperta
579 1077 718 1152 pernicies
733 1076 911 1134 damnaretur
923 1077 934 1132 ι
956 1077 1038 1148 quasi
1051 1076 1128 1139 nulla
1142 1075 1261 1132 haeresis
1275 1075 1322 1132 ali·

138 1173 252 1246 quando
267 1174 323 1231 nisi
337 1172 443 1250 synodi
464 1173 681 1251 congregatione
701 1172 832 1229 damnata
851 1174 898 1231 sit.
939 1172 1045 1230 Orbem
1067 1173 1174 1248 quippe
1196 1171 1324 1231 Catholi-

134 1291 217 1339 cum,
229 1272 362 1344 quoniam
378 1271 503 1329 Domino
515 1270 556 1327 eis
572 1272 718 1328 resistente
731 1281 892 1346 peruertere
905 1284 1060 1343 nequeunt,
1080 1271 1180 1328 saltem
1196 1288 1320 1329 commo·

137 1389 204 1428 vere
219 1381 372 1429 conantur:
387 1388 452 1427 cum
467 1369 561 1445 portus
576 1368 720 1445 vigilantia
734 1379 762 1426 ct
772 1368 922 1446 ,diligentia
935 1370 1077 1448 pastorali,
1090 1379 1156 1446 post
1166 1369 1274 1427 factum
1286 1367 1322 1427 de

137 1466 194 1525 illis
209 1477 374 1545 competens
394 1454 610 1545 sufficiensque
615 1465 766 1543 judicium,
788 1467 959 1539 ubicumque
980 1467 1027 1524 isti
1047 1452 1109 1542 lupi
1129 1467 1322 1542 apparuerint,

92 1588 99 1599 ·
137 1562 302 1620 conterendi
317 1563 382 1629 sint,
398 1563 459 1619 sive
474 1575 505 1619 ut
517 1573 650 1620 sanentur
665 1573 759 1635 atque.
764 1574 915 1631 mutentur,
931 1564 991 1621 sire
1005 1573 1037 1619 ut
1049 1563 1083 1620 ab
1097 1562 1219 1620 aliorum
1234 1563 1323 1623 salute

137 1667 222 1730 atque
237 1658 395 1733 integritate
408 1657 563 1716 vitenturst’
555 1658 577 1692 '²

177 1754 224 1812 Ex
240 1755 401 1812 auctoritate
416 1754 553 1811 infallibili
568 1753 729 1814 Ecclesiae
722 1772 753 1811 ιιι
766 1752 893 1815 doctrina
904 1702 1016 1810 colisti
1037 1738 1172 1810 tradenda
1192 1722 1322 1826 sequitur

137 1849 277 1923 quidquid
291 1849 450 1909 definitioni
470 1851 536 1908 fidei
550 1862 688 1926 repugnat
700 1851 830 1925 baeresim
845 1866 920 1915 esse,
935 1868 998 1921 qua
1013 1849 1118 1908 idcirco
1139 1849 1254 1911 definiri
1274 1869 1325 1927 po-

137 1956 193 2005 test
206 1947 345 2005 sententia
359 1947 476 2005 adversa
490 1946 624 2005 doctrinae
638 1946 759 2004 solemni
772 1945 911 2023 Ecclesiae
926 1942 1065 2003 Christi*
1089 1946 1251 2005 Pertinacia
1262 1946 1322 2020 qni·

134 2043 201 2102 dem
217 2044 304 2103 animi
318 2044 348 2101 in
361 2044 501 2100 sententia
515 2042 618 2105 tuenda
629 2043 781 2115 requiritur
795 2043 907 2114 etquis
927 2061 992 2099 reus
1013 2042 1167 2111 habeatur,
1189 2042 1242 2100 sed
1262 2044 1324 2120 ipsa

134 2140 277 2197 sententia
296 2139 465 2210 cuicumque
486 2137 643 2196 definitioni
673 2138 811 2217 coenaria
831 2138 947 2196 haeresis
968 2137 1067 2196 meritd
1089 2138 1204 2208 dicitur,
1223 2138 1324 2199 frustra

135 2234 265 2292 sectariis
281 2252 378 2291 rocem
391 2234 464 2291 hanc
478 2234 619 2305 aliquibus
633 2244 740 2291 tantum
754 2235 906 2302 erroribus,
920 2234 1029 2291 scilicet
1040 2245 1139 2292 contra
1158 2236 1324 2297 fundamen·

135 2331 206 2387 tales
230 2331 371 2398 articulos,
393 2329 680 2393 accommodantibus.
722 2330 796 2389 Rem
817 2331 940 2408 explicat
964 2331 1169 2400 Tertullianus,
1191 2332 1323 2410 Apostoli

136 2426 222 2482 nixus
237 2427 417 2482 auctoritate:
435 2436 454 2460 ‘⁶
466 2424 589 2482 edocens
603 2444 692 2483 unum
707 2445 807 2482 omnes
827 2425 906 2498 loqui
927 2437 955 2484 et
975 2425 1100 2509 idipsum
1121 2446 1232 2504 sapere,
1247 2427 1324 2504 quod

135 2522 222 2579 etiam
237 2522 361 2593 haereees
376 2540 434 2579 non
448 2523 554 2579 sinunt.
585 2524 653 2580 ·Nec
667 2523 772 2581 diutius
786 2523 821 2581 de
835 2525 900 2592 isto,
915 2526 941 2605 si
955 2524 1030 2583 idem
1045 2536 1090 2583 est
1103 2527 1218 2596 Paulus,
1232 2530 1282 2601 qui
1296 2538 1326 2587 et

134 2618 203 2677 alibi
218 2619 342 2676 haereses
357 2619 429 2676 inter
442 2619 564 2676 carnalia
576 2620 696 2701 crimina
709 2629 847 2702 numerat,
862 2621 990 2697 scribens
1012 2621 1047 2680 ad
1069 2623 1200 2691 Galatas3
1221 2635 1251 2681 et
1270 2627 1323 2699 qni

134 2717 207 2776 'l'ito
220 2717 347 2794 suggerit
360 2717 506 2777 hominem
520 2718 685 2777 haereticum
700 2729 766 2795 post
774 2718 893 2796 primam
906 2724 1113 2796 correptionem
1124 2718 1322 2792 manandum,

133 2814 214 2888 quod
228 2833 379 2892 perversus
393 2815 433 2872 sit
444 2814 596 2892 ejusmodi,
611 2826 639 2874 et
652 2816 808 2888 delinquat,
820 2826 854 2873 ut
868 2836 884 2873 a
897 2817 1054 2895 semetipso
1064 2817 1224 2893 damnatus.
1263 2819 1324 2878 Sed

132 2898 165 2971 et
175 2913 205 2971 in
218 2913 297 2971 omni
310 2930 392 2989 prens
407 2913 527 2988 epistola
540 2912 576 2970 de
589 2912 755 2973 adulterinis
775 2913 911 2997 doctrinis
932 2914 1074 2992 fugiendis
1095 2918 1254 2987 inculcans,
1267 2919 1325 2995 hae·

134 3026 215 3069 reses
229 3019 315 3076 taxat,
330 3027 449 3081 quarum
464 3028 551 3086 opera
564 3021 631 3068 sunt
643 3010 776 3069 adulteres
796 3011 930 3071 doctrina
943 3031 951 3068 ι
973 3012 1097 3070 haereses
1118 3014 1201 3073 dictae
1222 3016 1324 3075 Graes

128 3123 207 3162 soce
221 3123 258 3162 ex
272 3105 501 3181 interpretatione
515 3106 673 3174 electionis,
688 3127 744 3181 qua
764 3108 828 3181 quis
849 3107 920 3166 sive.
931 3107 969 3167 ad·
986 3110 1185 3181 instituendas,
1207 3114 1270 3172 sire
1288 3112 1323 3173 ed

49 3208 52 3213 '
136 3201 337 3280 suscipiendas
352 3221 399 3261 eas
414 3203 509 3260 utitur.
550 3204 619 3263 Ideo
632 3207 729 3264 etsibi
750 3206 912 3285 damnatum
926 3208 999 3267 dixit
1018 3209 1195 3281 haereticum,
1210 3215 1279 3287 quia
1297 3223 1325 3274 et

135 3301 167 3360 in
181 3319 239 3376 quo
250 3299 406 3368 damnatur,
417 3300 475 3358 sibi
488 3301 583 3378 elegit.
625 3303 718 3367 Nobis
732 3302 800 3363 verb
815 3306 887 3364 nihil
900 3325 937 3365 cx
951 3317 1048 3366 nostro
1062 3309 1176 3369 arbitrio
1189 3311 1322 3376 inducere

136 3400 213 3468 dcet,
228 3398 279 3456 sed
293 3417 347 3456 nec
359 3397 465 3478 eligere
486 3397 562 3471 quod
583 3398 685 3472 aliquis
706 3400 741 3458 de
762 3402 876 3461 arbitrio
896 3396 949 3461 suo
963 3403 1125 3464 induxerit.
1168 3407 1323 3485 Apostolos

139 3498 258 3557 Domini
276 3497 414 3565 babemus
428 3507 570 3564 auctores,
582 3499 632 3570 qui
653 3517 706 3556 nec
726 3499 783 3575 ipsi
802 3500 954 3574 quicquam
976 3520 1014 3560 ex
1034 3522 1087 3562 suo
1107 3505 1234 3576 arbitrio,
1248 3504 1323 3581 quod

138 3595 314 3662 mducerenr,
329 3594 492 3670 elegeruml
514 3594 564 3652 “d
585 3607 729 3673 melfam
752 3618 769 3655 a
790 3597 907 3669 Christo
927 3598 1108 3678 disciplinam
1128 3602 1253 3664 fideliter
1278 3624 1324 3664 ntt·

134 3692 261 3751 tionibus
277 3690 541 3770 adsignaverunt.”⁸

169 3967 242 4025 tl)¹⁴
250 3964 348 4019 Portoe
341 3981 364 4012 ιιι
368 3965 412 4013 fcri
425 3972 509 4017 centra
521 3966 659 4016 Ecclesiam
671 3984 718 4016 ιιιιιι
732 3968 896 4030 praevalebunt
914 3986 943 4018 cx
962 3971 1123 4033 promissione
1142 3968 1253 4036 Christi,
1268 3977 1363 4041 qnia

138 4055 289 4112 ιιιιιιιιιριιιιι
284 4065 359 4096 ιιιιιιι
355 4050 407 4097 tina
402 4057 509 4105 otacst;
529 4052 737 4112 quomodoigitur
756 4053 823 4100 salta
842 4054 1048 4115 prornissidirini
1065 4057 1167 4125 ueritate
1185 4061 1363 4126 contingeree

139 4152 187 4198 pos
183 4132 272 4193 ιιιιιιῇιι
274 4132 330 4188 itur,
342 4141 368 4180 ut
377 4140 454 4185 toturn
465 4133 583 4182 Ecclesiae
595 4135 681 4182 mdifrr·
670 4152 725 4183 unm
740 4154 751 4184 ιι
765 4152 810 4184 suo
824 4138 983 4186 fundamento
992 4136 1152 4200 dimoveatur,
1164 4143 1215 4192 sive
1228 4151 1255 4193 ut
1266 4159 1363 4209 papan

141 4226 166 4268 et
177 4216 286 4266 Ecclesia
290 4231 378 4276 ,quarn
393 4217 477 4279 reliqui
489 4217 595 4280 episcopi
609 4235 634 4265 rc
636 4227 782 4280 pransorrturc
791 4221 912 4280 dicuntur,
922 4223 1210 4277 inter.sedissentiantf”
1239 4229 1363 4278 zellia--

140 4300 256 4367 gcrlnst.
266 4297 349 4346 Ceml
361 4298 390 4345 V
402 4314 422 4346 c
430 4315 451 4347 v
462 4315 485 4347 ιι
494 4300 548 4348 358.
719 4306 722 4310 ’

174 4383 210 4444 (2)
224 4384 281 4445 Aug
300 4387 384 4428 contra
394 4381 537 4444 duasepist
553 4382 637 4447 l’clag
648 4384 656 4431 l
675 4385 718 4433 ιι.
729 4387 775 4434 snb
787 4386 870 4435 finem.

175 4466 211 4525 (3)
225 4464 262 4512 Dc
275 4477 372 4526 praescr
366 4463 443 4511 ,lrmr
455 4479 475 4534 c.
488 4464 518 4511 ri
599 4524 601 4528 ι
832 4496 835 4503 ,
