2738 5032
331 255 386 314 DE
408 252 687 315 VERSIONIBUS
706 253 983 317 vasnacum.
1199 262 1258 320 m

66 420 217 481 mutamur,
238 413 364 488 quisque·
383 412 586 473 adimadvertat
606 421 728 492 oportet,
749 413 820 473 adeo
844 425 876 472 ut
903 414 1100 493 progrediente
1127 424 1255 493 tempore

66 512 185 589 phrases
198 511 323 570 ridicule
346 512 424 581 fiant,
450 512 495 570 vel
517 512 593 571 hand
615 511 739 590 amplius
760 512 961 591 intelligantur,
987 514 1027 572 uti
1045 512 1108 575 tosa
1132 514 1257 574 ostendit

66 606 231 668 Alexander
245 606 397 685 Gampbell
410 608 439 666 in
455 607 617 685 prrsl‘atione
632 626 713 667 nove
727 609 851 669 versioni
866 609 943 668 Novi
958 610 1168 670 Testamentiz¹
1188 611 1255 670 inda

62 707 142 767 enim
158 707 234 765 litat
253 716 407 775 mutentur,
422 706 498 765 haud
522 708 629 780 absque
654 706 776 780 quadam
798 707 897 785 populi
920 707 1090 768 offensione.
1130 708 1254 770 Gravius

62 812 160 863 antem
174 803 400 873 incommodum,
414 820 473 863 non
488 804 551 863 sine
564 804 653 863 dlrini
669 806 747 863 verbi
760 804 873 882 injuria,
887 807 1035 884 contingit,
1050 809 1162 880 quoties
1176 809 1255 882 quis·

60 920 188 977 quemn
201 901 289 960 veluti
304 902 417 960 arbitrio
428 918 516 960 noras
530 898 633 961 cudere
647 904 793 963 versiones
806 902 883 972 velit,
893 904 967 963 haud
982 914 1087 962 attenta
1100 906 1253 982 presulum

63 996 206 1057 Eedeaire
219 998 391 1066 anctoritate,
405 998 485 1057 etita
503 999 566 1074 ipsa
580 998 676 1057 divina
689 1000 802 1073 eloquia
814 1000 921 1059 ineerta
931 1000 1058 1060 reddere.
1099 1002 1254 1063 Manifesta

62 1093 274 1173 veroimpletas
287 1096 378 1161 astri
391 1096 456 1169 quis
469 1114 528 1154 sure
542 1095 660 1154 studens
681 1097 829 1155 sententie
843 1096 888 1156 vel
902 1109 997 1165 seetae,
1011 1108 1121 1157 textum
1134 1099 1252 1159 reddere

63 1190 242 1269 aggrediatur
254 1210 289 1250 ea
300 1191 409 1251 ratione
429 1210 486 1265 qua
500 1192 592 1267 possit
605 1191 716 1251 facilius
730 1191 767 1250 ad
788 1192 889 1270 placita
909 1192 1073 1271 hujusmodi
1087 1195 1192 1254 tuenda
1203 1196 1252 1254 de-

63 1288 151 1347 flecti.
191 1289 252 1346 Vix
264 1298 358 1347 autem
379 1289 543 1367 contingere
563 1307 649 1364 posse
668 1288 770 1349 fatetur
790 1287 950 1367 Campbell,
965 1302 997 1348 ut
1019 1291 1085 1364 quis
1109 1311 1126 1348 a
1149 1291 1251 1351 studiis

62 1387 184 1464 partium
198 1385 357 1449 inveniatur
373 1384 453 1455 liber,
468 1385 545 1460 qnod
566 1388 592 1445 si
613 1404 688 1445 unus
711 1387 814 1447 alterve
839 1391 970 1466 egregius
992 1392 1036 1447 vir
1058 1391 1131 1448 intra
1154 1389 1252 1449 saeculi

63 1483 187 1560 spatium
207 1484 312 1543 oriatur
324 1484 456 1542 omuibus
478 1482 603 1542 numeris
625 1483 781 1552 absolutus,
803 1482 907 1560 poterit
927 1504 1001 1562 opus
1025 1484 1152 1564 aggredi,
1173 1485 1251 1560 quod

62 1578 137 1637 inter
150 1574 254 1637 multos
263 1580 410 1637 versiones
423 1597 476 1636 sua
488 1579 575 1638 veluti
589 1580 750 1655 prestantia
763 1596 830 1637 sesa
841 1580 1060 1650 commendabit,
1075 1582 1188 1642 tandem
1201 1583 1251 1641 ali-

61 1672 388 1752 quaudoobtentorumt
429 1677 551 1737 Constat
574 1677 741 1746 humerum,
767 1678 887 1748 Beuum,
912 1666 1063 1756 pluresque
1086 1680 1157 1741 alios
1178 1683 1252 1742 inter

61 1774 272 1835 Reformatores
288 1772 419 1835 eonsultd
433 1793 546 1834 sacrum
561 1785 669 1837 textum
684 1774 719 1833 ad
733 1795 785 1833 sua
799 1774 901 1853 placita
914 1776 1074 1835 traduxisse
1087 1778 1251 1856 interprete·

60 1872 139 1932 riona
160 1892 310 1951 perversa:
339 1872 414 1947 quod
443 1873 529 1931 Beate
552 1874 709 1952 presertim
737 1874 888 1952 exprobrat
916 1874 1059 1952 Georgius
1087 1876 1251 1953 Campbell.

60 1967 232 2049 Interpretea
244 1971 427 2048 Anglicanos,
441 1986 563 2043 quornm
574 1990 661 2048 opere
672 1990 741 2029 usus
753 1982 796 2029 est
806 1971 931 2030 Jaeobus
945 1990 1006 2038 rex,
1016 1970 1118 2031 stodiis
1129 1975 1250 2050 partium
1327 2020 1349 2063 .·

59 2078 138 2127 actos
152 2070 238 2126 verba
251 2068 326 2126 hand
340 2080 468 2127 accurate
490 2066 649 2127 reddidisse
674 2069 760 2127 etiam
782 2069 926 2142 queritur:
951 2082 1124 2147 quapropter
1145 2072 1249 2131 mirum

58 2165 168 2226 nemini
181 2183 247 2224 ease
260 2165 345 2224 debet
358 2164 524 2224 catholicos
534 2158 699 2231 ¹versionem
714 2166 791 2224 illam
805 2167 922 2244 rejicere
934 2176 962 2223 et
973 2167 1133 2243 reprobare.
1165 2168 1250 2236 Quae·

56 2260 234 2321 dam'antcm
247 2261 315 2320 dare
326 2262 407 2339 jurat
419 2262 596 2339 specimine:

96 2361 258 2430 Πᾳσβύνίρος
271 2358 375 2434 ubique
389 2358 514 2417 redditur
527 2356 630 2427 Elder,
642 2369 739 2417 eontra
747 2360 885 2436 optimam
895 2359 1096 2437 interpretandi
1110 2363 1249 2440 regulam,

59 2446 209 2516 munerum
224 2456 301 2515 enim
315 2456 431 2539 nomina
444 2455 549 2534 negligi
564 2474 621 2514 non
633 2455 746 2524 debent,
756 2464 787 2513 ut
798 2457 876 2514 vocis
885 2456 1251 2535 etymologiaattendatur.¹

57 2555 108 2614 stc
119 2552 206 2613 etiam
220 2558 357 2615 Eaewmms
373 2551 511 2612 Ouerseer
525 2554 691 2630 plerumque
712 2552 847 2621 redditur,
862 2556 993 2627 quamvis
1009 2556 1135 2614 muneris
1149 2558 1188 2615 sit
1201 2563 1249 2615 ro·'

58 2651 204 2719 c'ahulnm,¹
217 2649 251 2708 ad
265 2651 416 2726 plerasque
434 2650 546 2724 linguas
567 2648 742 2727 translatum.
785 2649 880 2706 Latini
894 2649 1008 2722 quidem
1025 2648 1248 2729 Presbyterum,

56 2747 250 2827 Episcopum,
265 2747 327 2806 Itali
340 2745 439 2829 Prete,
454 2742 587 2823 Vereuso,
598 2744 674 2802 Galli
682 2743 799 2813 Pretre,
812 2742 944 2822 Eaeque,
956 2745 1093 2802 Germani
1104 2743 1248 2815 Prieeter,

59 2845 180 2927 Birhos,
195 2845 319 2923 Hispani
335 2841 510 2906 Praeditcro.
535 2838 654 2920 Odispo,
676 2843 761 2919 Angli
784 2841 892 2909 Priest,
916 2840 1041 2920 Biehop,
1064 2843 1131 2901 inde
1151 2862 1250 2923 sump-

56 2955 163 3004 serunt
185 2978 190 2989 ι
353 2994 356 2999 .
481 2958 485 2965 ·
590 2951 595 2961 “
698 2952 701 2956 ’
1142 2972 1146 2977 ·

97 3041 169 3101 Mat.
183 3033 248 3119 xix,
260 3045 289 3098 2.
310 3045 347 3093 ου
358 3054 445 3107 asnar
456 3037 553 3105 χωρὶυσι
564 3052 607 3090 ros
617 3035 683 3106 rip»
694 3033 790 3090 reiron
832 3036 910 3094 Male
923 3036 1065 3096 redditur:
1089 3047 1109 3074 “
1119 3037 1167 3097 All
1181 3058 1247 3098 men

56 3148 161 3203 cannot
172 3138 284 3196 receive
304 3134 517 3213 thia·saying,”
540 3145 570 3191 ut
590 3136 748 3192 insinuetur
767 3134 970 3192 continentiam
987 3148 1056 3192 'esse
1077 3136 1247 3209 quibusdam

55 3237 272 3319 impossibilem.
364 3242 371 3271 “·
806 3220 809 3226 ’

96 3333 110 3391 Ι
126 3331 195 3391 Gor.
205 3333 254 3390 vii.
266 3335 296 3389 e.
317 3329 337 3386 εἰ
349 3332 375 3386 rt
385 3334 430 3385 οὒκ
441 3331 631 3402 haeredaret,
642 3335 819 3401 γσμηςᾰτωσαν.
862 3330 1014 3406 Perperam
1027 3331 1111 3389 etiam
1123 3329 1245 3405 eundem

55 3430 93 3488 ob
107 3429 212 3488 finem:
236 3437 255 3465 ‘¹
266 3430 315 3486 bnt
329 3427 353 3484 is
364 3427 432 3502 they
446 3437 549 3484 cannot
562 3429 687 3495 contain,
700 3429 740 3485 let
753 3427 830 3484 thern
846 3427 973 3503 marry.”
1246 3428 1256 3445 ’·

86 3624 124 3687 (l)
140 3624 186 3672 “A
198 3623 275 3688 living
285 3622 410 3688 langusge
422 3622 443 3670 is
455 3621 607 3686 continually
618 3621 753 3688 changing.
786 3613 851 3669 lrlke'
860 3619 902 3669 the
913 3619 1023 3670 fashions
1033 3620 1081 3670 arrd
1093 3627 1203 3673 enatam
1219 3624 1245 3675 in

53 3709 161 3773 apparel,
172 3708 252 3758 words
263 3706 312 3756 and
324 3706 424 3771 phrases
435 3713 461 3756 st
478 3720 524 3755 one
538 3707 599 3756 time
611 3714 711 3756 current
723 3706 770 3754 and
790 3704 951 3764 fsahionnble,
963 3705 987 3753 in
1007 3706 1048 3767 the
1058 3706 1126 3773 lapse
1136 3704 1175 3758 'of
1183 3709 1245 3761 tima
1275 3746 1281 3757 .

52 3793 154 3841 breme
164 3789 291 3841 awkward
302 3789 352 3838 and
363 3789 476 3838 obsoleta.
493 3790 506 3820 ⁸
525 3789 538 3819 ⁸
555 3789 568 3820 *
585 3788 648 3838 'l'his
659 3794 772 3837 constant
784 3786 903 3836 mutation
912 3787 938 3837 in
951 3788 1052 3854 aliving
1064 3788 1187 3858 langnage
1194 3792 1245 3851 will
1292 3818 1296 3825 ·

53 3874 172 3941 probably
184 3873 272 3924 render
282 3889 337 3923 new
348 3872 513 3933 translations,
522 3889 552 3922 or
563 3873 711 3923 corrections
720 3868 750 3921 oi
755 3872 795 3947 old
805 3872 969 3932 translations,
976 3888 1106 3940 necessary
1114 3892 1187 3942 every
1196 3883 1245 3927 two

51 3978 81 4014 or
92 3962 161 4012 three
172 3961 283 4013 hundred
293 3961 390 4026 years!
423 3959 530 4009 General
541 3959 646 4009 Prer'ace
664 3958 772 4009 to'New
788 3958 941 4018 Testamom,
952 3957 1084 4009 translated
1103 3962 1136 4027 by
1146 3961 1248 4027 Georgo

51 4046 187 4110 Campbell,
198 4044 284 4096 James
295 4044 453 4110 Mnelrnight,
465 4045 513 4093 ant
525 4043 608 4108 Philip
619 4043 769 4108 Doddridge,
778 4042 918 4092 Doetorsos
924 4042 965 4115 tlte
975 4042 1074 4094 Chnrch
1085 4045 1245 4096 ofSeotland.

52 4120 167 4182 Praefatio
179 4131 274 4181 videtur
285 4129 316 4178 ab
330 4128 471 4178 Alexandro
481 4126 609 4190 Campbell
620 4127 722 4191 scriptu,¹
730 4126 772 4192 qui
787 4124 814 4174 in
825 4124 940 4191 Virginis
957 4128 982 4177 e't
999 4142 1042 4191 par
1052 4129 1244 4193 foederatas-pre·

51 4214 146 4267 vineias
157 4215 224 4265 fama
235 4221 307 4264 notus
318 4218 362 4262 est.
394 4210 501 4262 Consule
511 4217 594 4260 tamen
616 4210 738 4261 Diss.X1.
756 4210 858 4276 Georgii
877 4210 1013 4275 Camplrell,
1032 4219 1087 4276 part
1104 4212 1139 4262 11.
1156 4228 1179 4276 p.
1197 4211 1243 4263 12³

51 4305 77 4349 et
132 4328 139 4346 ι
395 4344 401 4355 ,
1058 4356 1060 4363 Α

85 4312 130 4443 (ἲ
133 4374 185 4438 Qui
196 4393 268 4429 voees
279 4374 418 4435 President,
432 4375 563 4435 Gerenos,
574 4375 672 4445 Mapor,
684 4376 709 4427 iu
728 4374 789 4427 alias
805 4375 904 4441 linguas
914 4382 1028 4436 aerteret,
1038 4374 1130 4426 muniis
1142 4374 1242 4431 cullibet
1327 4388 1344 4439 ·,

53 4461 190 4529 adsignatis
201 4460 267 4512 haud
278 4459 409 4520 dhtinctis,
419 4477 468 4512 non
479 4475 564 4517 ueram
579 4472 664 4512 aarum
677 4459 800 4511 notionem
813 4459 889 4518 daret,
899 4457 958 4511 lieet
967 4474 1056 4510 vocum
1072 4458 1180 4521 ipsarum
1190 4458 1241 4511 rin

52 4543 137 4596 mnan
147 4539 278 4594 'exhiheret-
326 4580 330 4587 .
