2738 5032
85 236 178 321 aas·
367 260 423 321 na
443 258 618 322 canone
642 258 981 323 scntrrunrnun.

84 418 274 481 addimenta
297 419 375 487 dant.
389 439 424 480 ea
445 421 578 479 variante
602 418 745 485 distincta.
767 438 834 494 quae
857 419 1049 497 suspicionem
1074 425 1213 477 amovent
1237 436 1273 475 ea

86 518 175 579 subse
185 538 223 578 ex
235 516 357 596 Vulgata
368 519 412 578 rel
427 519 613 596 Septuaginta
621 516 776 577 Chaldaice
787 517 903 577 reddita.
926 517 1028 577 Codex
1041 514 1089 577 ille
1103 517 1273 594 presertim,

81 614 166 694 cnjus
178 616 336 692 specimina
348 615 396 673 dat
411 615 454 675 De
469 615 566 682 Rusti,
581 614 657 673 baud
671 614 751 673 raldo
771 615 914 688 munaus.
929 614 1043 691 optime
1069 624 1164 672 tamen
1185 623 1270 681 note,

85 730 121 771 sa
141 712 247 788 prebat
259 729 325 771 cnm
342 723 402 771 toto
419 712 492 771 libro
505 730 540 770 ea
560 713 668 771 ratione
682 730 741 785 qua
759 711 968 788 scriptascrto.
980 711 1077 769 diuina
1088 709 1270 777 exhibenmr.

84 809 163 867 nulla
175 808 349 869 discriminis
364 813 455 868 ιιιιιι.ι
494 808 588 867 Nullo
601 818 683 886 pacto
695 809 799 887 conjici
813 819 909 885 potest
920 827 984 867 eas
1003 807 1107 867 Latine
1120 807 1271 884 interprete

83 907 253 982 excogitata,
261 925 328 964 narn
338 906 523 983 Septuaginta
536 904 641 964 Verrio
651 920 681 962 et
691 902 839 982 Josepltus
847 905 995 967 ert-habeta
1010 922 1064 963 nec
1073 903 1270 980 Hieronymus

83 1020 210 1077 unquam
232 1001 262 1063 id
279 1004 420 1080 conjecit;
437 1003 581 1079 vulgatum
602 1012 697 1060 antem
717 1002 899 1079 interpretem
919 1000 1192 1069 vocarit-Greeum
1207 1018 1270 1059 oon·

83 1101 180 1157 suerit
188 1101 296 1177 qnippe
308 1100 410 1158 Grmca
425 1099 527 1157 Verrio
536 1098 685 1157 cantione
696 1097 837 1176 designari
845 1098 927 1166 utri,
937 1108 967 1156 et
976 1097 1049 1157 dixit
1058 1114 1089 1155 se
1101 1097 1138 1156 in
1149 1096 1270 1171 editions

86 1195 212 1275 uulgato
226 1197 398 1256 Groeeortttn
418 1194 527 1274 lingere
545 1202 573 1253 et
593 1192 700 1253 diteris
722 1214 758 1253 ea
777 1196 927 1273 reperisse.
961 1194 1021 1255 Sed
1040 1213 1077 1253 sa
1095 1213 1134 1253 ne
1156 1193 1267 1268 quidem

86 1295 189 1354 Graece
197 1296 321 1372 primum
330 1294 469 1372 prodiisse
479 1294 580 1367 liquat,
589 1312 628 1352 ex
641 1312 676 1353 eo
687 1291 763 1367 qnod
774 1294 920 1370 Josephus
931 1293 1094 1370 profiteatur
1102 1311 1140 1353 se
1153 1292 1268 1377 Hebrai-

86 1394 129 1453 cis
141 1393 288 1453 codicibus
301 1394 331 1452 in
344 1393 406 1453 sn'is
419 1391 613 1451 describendis
625 1392 838 1466 antiquitatibus
850 1393 903 1460 uti,
918 1393 993 1450 sicut
1004 1402 1033 1450 et
1045 1409 1083 1450 ex
1097 1391 1200 1469 paucis
1213 1391 1265 1450 illis

86 1493 137 1566 qui
152 1502 305 1568 supersunt
318 1490 465 1551 podicibus
480 1489 655 1549 Chaldaicis.
968 1484 971 1489 ’
1158 1558 1162 1563 1

87 1616 90 1621 ·
130 1586 199 1667 Obj.
214 1592 244 1646 8.
265 1586 408 1646 Pluraiis
421 1588 600 1647 eontinentur
619 1585 816 1647 additamentis
837 1606 902 1662 qum
915 1587 1075 1649 nullatenus
1095 1587 1194 1647 vdent
1210 1604 1268 1647 mm

86 1685 160 1743 libro
184 1685 322 1743 canonice
343 1674 476 1743 Estlleris
500 1685 654 1743 conciliari.
695 1683 734 1742 0.
757 1684 788 1743 ii.
809 1685 966 1763 conjuratio
980 1683 1084 1743 dicitur
1103 1684 1178 1744 laeta
1196 1698 1266 1744 anno

87 1783 210 1860 septimo
223 1782 352 1850 Asmeri,
366 1801 430 1862 que
439 1792 533 1841 tamen
547 1801 622 1841 anuo
634 1781 761 1843 secundo
774 1784 941 1843 Artaxerxis
960 1783 1054 1860 capito
1062 1783 1122 1842 ¹xii.
1139 1783 1266 1842 adscribi·

88 1888 143 1941 tur.
184 1880 385 1939 Mardochnus
405 1881 509 1940 dicitur
530 1880 602 1939 nihil
626 1882 744 1940 omnino
766 1881 1072 1959 mercedis'acoepisse
1095 1883 1135 1941 ob
1150 1874 1267 1941 'insidias

87 1977 225 2045 detectas.
239 1999 268 2039 c.
281 1980 333 2045 vi„
355 1998 444 2053 quum
458 1992 485 2037 o'.
499 1980 552 2038 xii.
566 1997 618 2038 rex
637 1980 805 2057 preceperit
815 1989 848 2037 ut
859 1981 890 2039 in
910 1980 973 2039 atila
992 1980 1088 2061 palatii
1109 1990 1267 2048 moraretur,

90 2074 165 2134 datis
177 2077 206 2135 ei
226 2096 279 2153 pro
303 2077 444 2136 delatione
463 2077 640 2136 muneribus.
674 2077 768 2137 Amara
781 2096 808 2135 c.
823 2077 865 2135 iii.
880 2086 901 2115 ‘¹
911 2077 946 2135 de
965 2079 1102 2159 progenie
1117 2079 1231 2158 lgm?
1245 2098 1267 2138 o

91 2174 142 2232 xii.
169 2178 197 2237 6.
220 2173 404 2252 “lingens”
428 2195 454 2233 c.
469 2176 528 2233 xvi.
552 2179 598 2242 10,
622 2175 747 2235 “animo
769 2185 800 2235 et
822 2184 907 2252 gente
931 2166 1088 2245 Macedo?
1113 2177 1267 2236 exhibetur.

88 2289 118 2328 c.
133 2268 192 2328 xri.
214 2272 306 2329 eman
320 2270 424 2329 dicitur
436 2271 560 2330 soluisse
573 2271 723 2330 uansferre
736 2276 855 2349 regnum
869 2271 1020 2330 Persarum
1030 2272 1065 2332 in
1079 2273 1267 2335 Macedones:

88 2379 201 2427 constat
213 2380 308 2426 autem
322 2364 512 2451 Macedonum
526 2370 806 2446 imperiumnondisi
821 2380 886 2447 post
898 2382 987 2433 annos
1001 2371 1224 2439 lere'tercentos
1237 2372 1268 2432 ab'

92 2482 127 2521 eo
152 2472 278 2539 tempore
303 2463 443 2521 floruisse.
480 2465 517 2522 O.
539 2466 601 2523 xiii.
622 2465 715 2523 edicto
730 2466 846 2542 jubetur
869 2477 901 2525 ut
922 2467 1015 2526 cedes
1036 2466 1203 2531 ludaeorum
1226 2452 1270 2530 liat

93 2559 316 2631 decimaquarta
329 2557 375 2615 die
389 2557 671 2623 duodecimimensis
684 2560 771 2630 Adar,
785 2573 814 2620 et
825 2582 852 2625 o.
868 2564 909 2621 iii.
924 2564 1018 2623 clades
1026 2565 1271 2627 'dieiturdaeienda

93 2659 140 2718 die
161 2658 273 2717 decima
287 2657 367 2715 tertia
381 2656 489 2715 mensis
512 2658 650 2736 ejusdem.
690 2659 729 2719 C.
744 2661 784 2721 ix.
799 2659 900 2720 decem
913 2663 964 2721 filii
978 2664 1071 2723 limen
1089 2665 1119 2724 in
1144 2668 1272 2744 patibulis

92 2756 228 2834 suspensi
250 2755 381 2823 timentur
402 2754 513 2817 decima
525 2754 616 2823 ¹tertia
635 2756 680 2815 die
697 2760 805 2817 mensis
828 2758 923 2818 Adarr
943 2761 1025 2834 quos'
1037 2754 1135 2822 tamen
1154 2763 1272 2825 edictum

93 2858 169 2934 regis
183 2866 248 2914 ante
262 2866 326 2912 noto
338 2853 382 2911 vel
397 2871 499 2912 novem
507 2872 624 2912 menses
635 2855 753 2925 editum
762 2854 825 2935 jani
836 2868 994 2935 suspensos
1004 2838 1098 2919 refert.
1121 2864 1216 2922 osni.
1230 2866 1271 2923 ls.

93 2952 139 3012 De
158 2970 234 3028 rege,
247 2950 369 3009 Esthere
383 2960 589 3018 commeante,
599 2948 700 3010 dicimr
714 2972 739 3010 c.
752 2958 825 3012 v.2:
849 2953 956 3013 “Cum
970 2955 1088 3015 vidisset
1098 2956 1212 3018 Esther
1227 2976 1272 3018 ¹re·

94 3049 191 3125 ginam
202 3058 336 3113 stantem,
352 3046 458 3122 placuit
470 3046 561 3104 oculis
574 3047 647 3125 ejus,
661 3057 690 3105 et
702 3038 938 3110 extendit'contra
949 3070 1012 3110 eam
1026 3054 1136 3132 virgam
1151 3054 1275 3125 auream,¹

92 3162 181 3218 qnam
195 3142 306 3200 tenebat
319 3156 414 3199 menn.
435 3141 508 3208 Quae
521 3141 669 3210 accedens,
680 3144 805 3202 osculata
813 3150 860 3203 'cst
868 3147 1061 3206 summitatem
1071 3149 1160 3228 virge
1173 3136 1268 3230 ejus.''

95 3242 134 3305 E.
149 3248 246 3300 nonna
267 3258 293 3297 e.
318 3257 367 3297 xv.
386 3242 443 3296 102
472 3237 636 3311 “Cumque
660 3239 799 3299 elevasset
819 3241 930 3311 faciem,
953 3243 1165 3307 et'ardentibus
1188 3250 1275 3310 octrlis

90 3318 356 3414 inrorem'pectoris
370 3334 532 3401 indicasset,
545 3335 793 3411 regina.corrnit.”
1040 3327 1043 3331 ’
1181 3390 1185 3397 ,

134 3436 223 3514 Resp.
246 3434 300 3495 ile
313 3432 444 3493 narrandi
458 3432 616 3500 varietates,
630 3438 694 3506 q'uoe
708 3434 736 3491 in
748 3433 827 3493 libris
842 3433 996 3495 Canoniois
1010 3439 1119 3515 pas'sirn
1133 3443 1276 3520 reperiun-

97 3522 153 3601 ιιι.
174 3533 255 3591 facile
276 3531 331 3589 sibi
347 3530 468 3587 invicem
490 3529 684 3587 conctliantnr.
727 3530 827 3589 Plures
842 3543 930 3589 anate
951 3543 1019 3592 sunt
1039 3528 1221 3599 difficultates
1242 3560 1276 3600 ex

96 3630 207 3687 turbato
219 3628 342 3704 capitum
357 3625 465 3691 ordine,
480 3625 601 3689 secrevit
613 3625 690 3683 enim
704 3624 737 3683 S.
754 3618 950 3703 Hieronymus
964 3646 998 3686 ea
1011 3640 1075 3703 qu'te
1088 3630 1120 3689 in
1138 3634 1276 3695 Hebraico

97 3735 175 3784 textu
192 3744 250 3783 nnn
269 3723 592 3800 reperiebantun‘eaque
611 3720 651 3780 ad¹
667 3714 754 3780 linem
775 3716 896 3781 remisit
917 3725 1105 3785 ¹Artaxerxes
1125 3729 1157 3788 in
1179 3728 1278 3793 (irena
1312 3774 1314 3779 -

96 3820 227 3878 versione
241 3830 355 3878 vocatur
368 3818 417 3890 qui
436 3817 580 3875 desuetus
595 3817 624 3874 in
645 3827 733 3876 lexin.
776 3816 942 3894 Coniuratis
962 3839 1019 3878 non
1033 3820 1136 3891 dieitur
1153 3827 1277 3887 secundo

94 3908 179 3978 anno'
192 3919 332 3983 enenime,
355 3914 404 3972 sed
428 3917 570 3972 somnium
593 3933 628 3971 eo
650 3934 725 3972 anno
749 3916 930 3974 Mardoebaeo
951 3920 1087 3995 occurrit,'
1104 3940 1163 3994 quo
1183 3900 1278 3983 'futura

97 4013 342 4096 portendebantur.
377 4023 396 4049 “
406 4012 452 4070 Εο
463 4011 612 4087 tempore”
625 4023 668 4069 est
677 4023 812 4070 consucta
822 4013 892 4071 ratio
906 4013 1101 4075 introducendi
1113 4019 1276 4080 relationem

98 4114 217 4191 alicujus
230 4111 268 4168 rei
283 4123 379 4187 gesta,
395 4111 462 4183 quin
472 4107 677 4167 determinetur
697 4119 826 4186 tempus3
850 4129 991 4184 vocesque
1004 4111 1052 4170 he·
1064 4114 1169 4175 Graeco
1183 4118 1278 4177 codice

98 4211 299 4272 desiderantur,
316 4207 385 4264 adeo
398 4218 430 4264 nt
452 4206 569 4264 minime
583 4225 700 4264 necesse
714 4207 751 4265 sit
770 4209 993 4284 conjurationem
1008 4209 1109 4270 eodem
1126 4230 1201 4275 anno
1219 4222 1277 4290 'quo

96 4310 240 4369 somnium
264 4305 417 4380 contigisse
439 4304 605 4381 intelligere,
622 4325 706 4378 quam
721 4323 757 4361 ex
778 4305 833 4363 alio
853 4305 917 4363 loeo
942 4306 1064 4389 septimo
1080 4319 1188 4371 tantum
1204 4333 1276 4374 anno

117 4464 165 4581 ¹.(l)
183 4519 245 4573 Vide
256 4512 385 4582 specimen
397 4520 422 4562 ct
436 4515 573 4567 Cirelduica
584 4514 698 4577 Bethania
710 4514 910 4589 Additamentaa
928 4515 966 4566 De
977 4515 1049 4595 linesi
1066 4517 1155 4572 Βοιιιιι
1169 4485 1280 4590 resep

95 4602 150 4654 lli.
163 4607 193 4649 et.
205 4617 254 4664 seq·
803 4618 808 4625 ·
