2738 5032
1 276 3 289 ·
90 277 130 331 oa
374 230 404 323 ω’
497 320 500 329 .
532 228 593 331 ne'
610 270 833 335 msromon

91 432 239 506 rationem,
253 433 360 510 Moyse
373 430 455 497 duee,
471 416 572 498 narrat,
587 432 697 504 aliaque
709 448 832 508 quorum
847 430 909 507 ipse
924 449 988 506 pars
1002 430 1055 489 fuit
1069 450 1181 509 magna.
1223 431 1281 493 Ζε-
1305 446 1313 497 'a

91 526 201 585 sitiens
226 529 321 605 legum
345 537 389 586 est
412 526 512 585 codex.
554 525 758 585 Numeros-um
781 527 860 584 liber·
874 527 973 602 populi
997 528 1123 586 continet
1143 547 1279 589 censum.
1312 544 1316 551 '

92 621 355 684 Deuteronomium
366 635 409 683 est
419 626 489 702 legis
503 624 625 682 iteratio.
638 682 640 687 ,
657 624 721 682 Neo
733 634 825 681 tamen
837 624 899 681 haee
910 643 1003 681 rerum
1015 623 1161 683 distinctio
1171 626 1279 699 ubique

91 731 226 788 servatur,
249 740 293 778 res
314 721 390 779 enim
415 733 501 796 geste
527 719 692 795 plerumque
717 719 827 795 legibus
852 720 1056 779 immiscentur.
1100 720 1165 779 llos
1190 722 1278 781 libros

91 833 179 889 quum
193 816 300 874 Deistae
315 817 380 874 totis
395 818 500 874 viribus
516 817 693 891 impugnent,
708 815 977 892 proestatimprimis
991 816 1145 875 vindicare.

130 912 353 972 Pentateuchum
368 933 384 969 a
398 912 505 988 Moyse
527 911 719 987 conscriptum
732 911 820 968 luisse
845 921 978 969 constans
992 912 1056 969 luit.
1066 912 1085 969 J
1087 911 1236 972 udaeornm
1250 924 1279 972 et

92 1007 320 1068 Ohristianomm
343 1009 471 1068 traditio:
502 1003 704 1065 recentioribus
729 1017 821 1065 autem
847 1008 990 1069 nonnullis
1013 1008 1118 1084 placuit
1137 1010 1216 1076 eum,
1233 1011 1280 1068 vel

91 1125 216 1182 omnem,
232 1105 276 1163 vel
301 1125 402 1182 magna
416 1125 453 1162 ex
477 1105 596 1181 parteei
610 1101 788 1180 abjudicarc3
814 1103 944 1162 Momm
967 1104 1082 1162 Hobbes
1106 1107 1215 1182 quippe
1229 1106 1279 1164 vix

91 1200 198 1274 aliquid
221 1211 322 1277 praeter
345 1202 441 1278 legum
464 1200 592 1258 codicem
608 1199 728 1275 acupile
750 1197 861 1256 decimo
883 1199 1108 1266 Deuteronomii‚
1129 1219 1222 1274 usque
1244 1201 1279 1259 ad

90 1297 178 1357 finem
191 1299 432 1375 capitisvigesirni
446 1297 561 1374 septimi
575 1297 609 1353 ab
618 1314 653 1353 eo
666 1297 802 1371 scriptum
818 1301 925 1372 putat;1
944 1295 1075 1355 Joonnes
1093 1296 1279 1377 Godtrfredus

90 1394 271 1454 Hossecxilii
279 1395 580 1472 Babylonicitempore
590 1413 605 1451 e
617 1393 809 1451 monumentis
819 1394 1192 1453 veteribusPentateuchum
1202 1414 1279 1455 com·

91 1494 216 1568 positum
239 1494 393 1559 arbitratur,
409 1492 546 1550 Mosaicis
562 1491 782 1561 commentariis,
800 1492 971 1564 quicumque
995 1492 1108 1559 fuerint,
1123 1492 1278 1552 admodum

91 1590 204 1647 mutatis
216 1593 238 1657 3³
261 1588 414 1657 Gesenius,
429 1589 544 1647 nonnisi
568 1597 634 1665 post
647 1587 766 1645 reditum
781 1607 797 1644 c
812 1588 971 1664 Babylonio
987 1589 1073 1646 libros
1088 1589 1279 1649 Pentateuchi

90 1678 126 1740 'ad
140 1695 309 1760 praesentem
332 1683 458 1743 redactos
473 1685 592 1742 sormam
615 1684 828 1759 opinatuscst.8
870 1681 993 1741 Carolus
1015 1682 1196 1742 Francisctts
1217 1685 1279 1744 Vol·

90 1797 147 1859 πα]
161 1781 383 1839 Pentateuchum
400 1781 509 1839 Helciae
521 1782 795 1866 aliorumquelopera
809 1781 1017 1847 concinnatum,
1029 1791 1170 1839 annuente
1184 1781 1204 1840 J
1206 1784 1277 1852 osis,

90 1878 195 1946 statuit,
211 1878 284 1936 unde
298 1879 378 1951 locus
389 1879 493 1955 ,sabula
508 1876 543 1934 de
557 1877 629 1934 libro
654 1876 725 1951 legis
740 1876 855 1952 inuento
867 1881 890 1944 ;⁴
910 1877 984 1950 quod
1001 1870 1089 1938 Paine
1104 1878 1190 1951 etiam
1205 1879 1279 1938 affir·

90 1985 157 2034 mat.
197 1977 286 2034 Vanis
301 1977 346 2034 his
361 1993 389 2033 et
400 1976 496 2050 impiis
504 1973 625 2031 somniis
640 1982 672 2030 et·
682 1975 850 2032 commentis
863 1975 1039 2052 postpositis,
1054 1994 1120 2034 cum
1135 1986 1193 2034 tota
1207 1980 1278 2037 nnti-

90 2073 195 2145 quitate
206 2071 430 2130 Pentateuchum
445 2070 560 2145 Moysis
575 2087 647 2143 opus
662 2070 853 2145 agnoscimus.
1153 2057 1155 2061 ’

128 2154 230 2245 Prop.
239 2173 265 2224 l.
287 2165 500 2225 Pentateuchus
514 2166 641 2240 Moysen
655 2165 740 2223 habet
754 2176 906 2224 auctorem.

130 2246 220 2323 Prob.
238 2269 265 2321 l.
286 2262 340 2321 Ec
354 2260 524 2321 Israeliticae
538 2261 638 2339 gentis
663 2264 809 2321 constanti
823 2263 1002 2322 traditione:
1024 2249 1174 2326 nec'enim
1195 2268 1278 2327 facile

89 2361 278 2436 potuitjerror
298 2357 332 2416 de
354 2372 466 2416 auctore
488 2361 583 2434 operis
608 2359 676 2414 tanti
695 2361 835 2416 'momenti
848 2359 954 2429 induci,
970 2359 1087 2423 historia
1101 2364 1209 2441 qnippe
1223 2375 1277 2434 est,
1313 2369 1315 2373 ’

39 2483 40 2487 ’
83 2476 153 2536 quae
168 2457 343 2533 publicorum
359 2456 502 2524 sunalinm
517 2456 601 2512 habet
615 2455 761 2522 rationem,
777 2468 805 2513 et
818 2455 847 2514 iri
858 2461 1071 2532 cintuomnium
1083 2461 1141 2539 legi
1154 2483 1276 2532 consue·

89 2554 155 2612 vit:-
171 2555 267 2631 legum
291 2564 334 2610 est
347 2553 448 2620 codex,
469 2552 571 2626 quibus
595 2552 733 2609 nitebatur
755 2553 874 2611 societas
890 2566 918 2613 et
931 2557 1029 2633 politia
1052 2557 1231 2629 ludaeorum,
1246 2572 1275 2619 et

89 2672 152 2726 quae
166 2638 267 2717 norma
277 2661 364 2708 »erant
377 2651 479 2708 cultus.
522 2647 651 2708 Consors
666 2649 750 2726 igitur
764 2651 890 2709 omnium
912 2652 946 2709 de
960 2648 1072 2713 auctore
1087 2659 1229 2716 sententia
1242 2643 1279 2716 ad

89 2769 123 2809 sa
135 2749 297 2808 necessario
311 2747 456 2814 reserenda
467 2755 510 2804 est
521 2756 656 2822 tempora,
669 2746 812 2818 inquibus
827 2749 947 2811 societas
962 2769 996 2808 ea
1007 2751 1108 2810 donata
1116 2764 1161 2812 est
1174 2755 1276 2826 forma,

88 2856 118 2907 et
130 2849 222 2906 cultus
237 2847 329 2924 primo
343 2845 507 2904 solemniter
521 2855 565 2900 est
576 2853 718 2922 peractus,
730 2842 840 2902 scilicet
853 2844 888 2902 ad
903 2847 1021 2923 Moysis
1037 2829 1157 2909 statem.

127 2941 263 3019 Prone.
284 2941 490 3002 Euaemonis
510 2939 606 3018 ipsius
631 2939 809 2998 testimonio.
861 2942 1028 3018 Soepissir'ne
1051 2946 1168 3022 inipso
1190 2967 1279 3026 opere

89 3037 191 3096 dicitur
218 3038 342 3114 Moyses
367 3030 516 3113 scripsisse
544 3035 678 3104 carmina,
702 3056 752 3094 res
780 3048 873 3114 gestas
901 3040 931 3096 in
958 3040 1029 3098 libro
1056 3045 1138 3122 futu?
1158 3045 1277 3104 articulo

88 3125 191 3195 librum
206 3135 359 3211 specialem
373 3134 525 3192 indicante.
565 3132 609 3190 De
625 3142 682 3190 tota
694 3133 756 3209 lege
767 3133 897 3193 dionunt
918 3146 936 3172 “
948 3137 1068 3214 Scripsit
1081 3140 1176 3213 itaque
1188 3143 1277 3220 Moy·

89 3252 137 3291 ses
151 3233 243 3309 legem
259 3231 342 3297 hanc,
358 3242 386 3287 et
400 3229 511 3287 tradidit
525 3247 587 3311 eam
602 3228 824 3297 sacerdotibus,”
838 3243 866 3288 et
877 3241 896 3267 ‘⁶
909 3224 1041 3310 Scripsit
1054 3236 1176 3313 Moyses
1192 3240 1277 3297 verba

87 3329 160 3408 legis
185 3328 271 3405 hujus
285 3327 315 3384 in
333 3325 490 3411 uolumine,
506 3334 588 3398 atque
614 3325 775 3400 complevit.
818 3326 958 3405 Praecepit
978 3329 1096 3398 Levitis,
1112 3333 1161 3404 qui
1184 3344 1277 3409 porta·

88 3429 157 3494 bant
169 3445 262 3485 arcam
277 3423 400 3507 ¹foederis
415 3422 543 3488 Domini,
559 3421 674 3508 dicens:
697 3416 803 3480 Tollite
817 3424 919 3483 librum
934 3427 1030 3495 istum,
1046 3431 1185 3506 etponite
1207 3450 1276 3491 eum

89 3524 120 3582 in
133 3525 218 3582 latere
241 3541 312 3579 arcae
327 3519 440 3581 foederis
463 3517 588 3585 Domini⁴
597 3519 652 3576 Dei
666 3519 770 3576 vestri:
792 3529 824 3577 nt
838 3521 876 3578 sit
889 3509 929 3579 ibi
953 3534 1050 3581 contra
1064 3536 1090 3582 te
1105 3525 1135 3582 in
1149 3519 1278 3585 testimo·

90 3618 216 3677 nium.”⁷
257 3616 442 3698 Manifestum
465 3623 509 3671 est
529 3625 671 3676 auctorem
697 3614 825 3692 Moysen
846 3617 993 3700 exhiberi:
1017 3638 1070 3696 nec
1090 3621 1185 3695 aliqua
1209 3623 1279 3681 sinit

90 3715 162 3774 ratio
181 3723 213 3772 ut
226 3713 260 3771 de
283 3715 346 3790 ejus
367 3711 540 3780 testimonio,
556 3731 572 3768 a
587 3721 644 3768 tota
665 3698 748 3788 gente
771 3713 876 3789 agnito,
900 3713 1060 3774 dubitetur:
1082 3717 1277 3779 inverosimile

123 3960 165 4023 (1)
177 3959 276 4008 Hobbes
287 3957 313 4007 in
324 3955 481 4014 Levisthsne,
493 3955 579 4014 Lond,
592 3954 662 4012 1651,
673 3970 696 4017 p.
707 3954 730 4014 3,
741 3971 762 4003 o.
773 3955 858 4004 xxxiii.
1112 3990 1115 3995 »

123 4045 159 4108 (2)
176 4045 257 4095 Hense
276 4043 302 4092 in
312 4040 390 4094 libro:
406 4040 556 4090 Aussichten
574 4056 605 4089 zu
622 4039 752 4105 kuntigcn
771 4041 965 4107 Auslrlttrungen
983 4045 1043 4094 uber
1061 4045 1105 4095 dns
1124 4045 1173 4096 alte
1188 4047 1277 4098 Testa.

91 4134 167 4186 ment,
178 4123 387 4183 inmittentem
398 4123 467 4173 1785.
500 4123 515 4172 8
526 4122 607 4186 Epist.
618 4122 657 4181 in,
668 4122 709 4172 vii.

108 4209 110 4213 ’
124 4211 161 4274 (3)
178 4209 300 4258 Gesenius
311 4208 338 4256 in
348 4203 486 4257 comment
498 4206 528 4254 de
538 4205 634 4255 Pentat.
645 4205 720 4264 Sum,
730 4223 753 4270 p.
764 4193 820 4256 6-8.

124 4292 161 4356 (4)
178 4291 281 4356 Volney,
292 4289 446 4339 Recherches
457 4288 579 4338 nouvelles
590 4304 632 4338 sur
643 4287 759 4337 l'histoire
769 4288 896 4358 ancienne,
907 4309 929 4357 p.
941 4294 963 4352 1,
974 4310 995 4342 o.
1007 4293 1030 4353 6,
1041 4294 1063 4353 7,
1075 4293 1097 4343 8.
1113 4311 1137 4358 p.
1148 4296 1188 4346 59,
1218 4332 1220 4336 .

123 4377 160 4438 (5)
179 4375 257 4434 Exod.
268 4372 325 4422 xvii.
337 4371 375 4431 14,
385 4372 447 4440 Vide
458 4372 532 4421 etium
551 4370 910 4431 Exod.1xiv.t-7‚miv.27.
943 4376 1019 4426 Num.
1030 4377 1116 4444 xxxiii.
1127 4379 1182 4440 1-2,
1194 4383 1277 4432 mvi.

91 4460 129 4512 1³.
162 4459 235 4509 Dent.
246 4456 329 4506 xxviii.
340 4455 379 4505 61.
765 4451 767 4455 ’

124 4543 160 4606 (6)
178 4542 251 4593 Dent.
262 4539 327 4590 xxxi.
337 4538 361 4588 9.
374 4544 376 4548 ’
718 4539 754 4598 (7)
772 4537 808 4589 Ib.
819 4555 841 4589 v.
854 4541 907 4592 12³.
