2738 5032
484 242 537 300 DE
560 242 666 303 SEDE
689 245 872 305 Rourau't.
1219 254 1273 309 10⁹

94 382 269 472 concordiam
284 399 388 455 serrari
409 416 506 475 posse,
520 401 599 459 omni
613 401 774 460 auctoritate
796 402 938 479 superiori
949 406 1060 482 rejecta.
1103 407 1199 474 Quum
1214 408 1275 467 hac

95 493 185 552 unitas
205 495 276 565 adeo
296 508 472 556 sacrosancta
486 499 634 576 Cypriane
649 501 710 557 visa
729 500 776 567 sit,
795 512 825 558 ut
846 501 1022 561 Novatianos
1043 523 1104 563 eam
1127 506 1275 571 violantes.

92 590 143 648 hac
157 594 312 679 praesertim
335 595 440 653 ratione
454 596 488 653 ab
503 597 580 657 omui
597 597 661 672 jure
676 607 704 654 et
722 598 869 674 privilegiu
884 597 992 658 Christi
1013 600 1152 661 Ecclesia
1167 602 1274 662 alienos

90 688 152 745 esse
165 682 350 765 'vehementer
368 703 474 768 urgeat,
490 711 524 750 eo
545 694 703 769 presertim
727 710 811 752 aureo
835 695 929 753 libello
950 695 985 753 de
1000 694 1138 756 Ecclesia
1160 700 1274 767 unitate,

91 772 168 842 omni
188 805 303 861 prorsus
319 786 570 853 verosimilitudiue
591 809 625 847 ea
639 791 785 857 verborum
808 791 883 849 illius
905 793 1095 871 interpretatio
1114 792 1276 869 destituitur

91 898 145 951 qua
158 878 195 937 ad
216 881 459 960 independentiam
476 885 696 962 Episcopornm,
712 898 741 944 et
754 887 831 963 paria
847 889 913 964 jura
926 889 1093 949 adstruenda
1106 890 1273 967 detorquen-

91 984 150 1037 tur.¹
186 978 227 1037 Ut
240 979 308 1051 qnid
323 982 406 1039 verba
420 982 528 1040 Christi
543 982 577 1041 ad
592 985 716 1053 ¹Petrum
731 984 765 1041 de
780 984 921 1047 fundanda
935 988 963 1044 in
979 988 1026 1046 illo
1040 988 1181 1058 Ecclesia,
1193 1001 1222 1048 et
1236 990 1272 1051 de

92 1089 124 1130 eo
137 1071 252 1150 pastore
274 1078 468 1137 constituendo
491 1081 626 1147 recitavit,
647 1079 703 1137 nisi
726 1090 757 1138 ut
777 1082 922 1150 unitatem,
944 1084 978 1142 ab
1001 1104 1057 1142 uno
1079 1086 1272 1164 incipientem,

91 1169 259 1240 ostenderet,
271 1191 333 1246 qua
348 1175 423 1233 nulla
436 1176 508 1234 soret
520 1177 576 1235 nisi
590 1178 696 1235 eximia
707 1177 826 1251 quadam
840 1189 868 1236 et
880 1178 1015 1256 singulari
1031 1182 1136 1241 ratione
1147 1194 1272 1265 potestas
1337 1230 1341 1237 .

92 1267 222 1326 omnibus
240 1272 400 1328 communis
421 1273 471 1330 uni
493 1274 592 1332 suisset
612 1275 735 1333 tributa?
777 1275 909 1334 Profecto
929 1277 959 1335 in
982 1277 1111 1337 Romana
1131 1278 1273 1341 Cathedra

92 1367 202 1427 unitatis
223 1367 293 1427 illud
315 1371 485 1449 principium
507 1391 620 1448 semper
640 1373 738 1450 vigens
760 1373 909 1433 manifesto
931 1377 1055 1452 agnovit,
1076 1396 1138 1435 eam
1154 1396 1270 1446 vocaus,

94 1463 198 1539 “Petri
218 1465 379 1525 cathedram
401 1479 483 1541 atque
504 1468 653 1527 ecclesiam
675 1468 868 1546 principalem,
882 1472 957 1529 unde
978 1474 1069 1532 unitas
1090 1456 1271 1533 sacerdotalis

93 1561 291 1620 exortaest.”²

132 1654 198 1736 Obj.
214 1662 243 1716 3.
265 1654 439 1736 Cyprianus,
461 1658 652 1728 Firmiliairus,
667 1661 770 1735 aliique
791 1661 916 1721 Africani
930 1674 959 1722 et
973 1666 1100 1734 Asiatici,
1122 1640 1270 1745 Stephano

96 1754 200 1815 fortiter.
211 1756 388 1817 restiterunt:
410 1778 491 1836 ergo·-
498 1760 603 1841 primas
626 1759 764 1819 Ecclesia
779 1780 836 1819 non
856 1762 1074 1838 agnoscebatur.
1096 1783 1130 1821 ea
1143 1767 1219 1824 enirn
1239 1766 1270 1825 iu

94 1870 155 1911 eum
179 1854 439 1931 scripseruntque
463 1857 621 1915 nullatenus
646 1860 711 1917 cuin
736 1859 874 1932 obsequio
899 1876 1011 1918 summo
1036 1861 1149 1935 praesuli
1174 1859 1268 1920 debito

94 1962 195 2023 queunt
208 1943 361 2031 conciliari,
377 1963 404 2031 f‘
415 1954 517 2027 Neque
528 1955 678 2027 quisquam
693 1954 851 2023 nostrum,''
865 1955 956 2033 inquit
966 1954 1140 2032 Cyprianus,
1157 1956 1290 2059 “Epis-l
1335 1996 1353 2009 κ»
1368 2039 1369 2044 ¹

95 2065 192 2125 oopurn
205 2060 239 2107 se
253 2068 317 2109 esse
331 2050 541 2126 Episcoporum
555 2051 708 2119 constituit,
724 2064 771 2111 aut
785 2052 935 2129 tyrannico
946 2063 1048 2111 terrore
1063 2051 1098 2110 ad
1112 2052 1290 2201 obsequ&

93 2142 119 2200 di
130 2145 326 2205 necessitatem
342 2145 475 2223 Collegas
490 2166 557 2204 suos
570 2146 704 2224 adigir.”⁸

130 2240 218 2327 llerp.
243 2242 391 2320 Contingit
406 2243 488 2300 -t'acile
503 2243 634 2308 ¹subditos
652 2246 754 2305 rectori
773 2263 937 2321 repugnare,
952 2246 1112 2317 auctoritate
1130 2249 1159 2304 in
1179 2265 1270 2320 quaes·

88 2336 196 2419 tionem·
208 2338 289 2397 baud
298 2349 404 2407 vocata,
417 2338 467 2397 sed
483 2352 586 2405 temere
598 2339 749 2399 adhibitam
764 2353 931 2413 querentes:
947 2359 999 2399 uec
1009 2342 1113 2400 mirum
1127 2343 1162 2401 si
1165 2362 1266 2420 parum

86 2447 246 2522 reverenter
267 2435 302 2494 de
324 2437 480 2512 imperante
510 2436 596 2494 sibi
588 2456 616 2495 ιιι
643 2434 805 2514 hujusmodi
829 2456 923 2496 rerum
947 2436 1084 2516 adjunctis
1108 2439 1266 2527 loquantur
1306 2444 1324 2461 ‘

90 2529 184 2589 Sancti
198 2532 281 2591 etiam
297 2524 426 2611 homines
440 2533 506 2591 fidei
520 2530 634 2591 studio'
627 2535 745 2603 incensi,
762 2534 898 2594 modom
891 2556 920 2593 m
934 2535 1048 2594 veritate
1063 2535 1165 2594 tuenda
1184 2538 1266 2596 facile

91 2621 239 2698 excedunt,
252 2629 332 2686 vel
309 2649 333 2687 ιι
346 2630 374 2687 in
386 2630 508 2702 aliquem
520 2630 668 2689 inciderint
678 2651 811 2699 errorem,
821 2651 886 2691 eum
895 2642 967 2700 testu
979 2632 1067 2692 nimio
1078 2643 1265 2710 propugnant.

95 2722 179 2801 Igitur
192 2725 229 2783 de
242 2726 353 2801 scriptis
369 2725 516 2804 Cypriano
529 2726 603 2784 hac
596 2747 626 2787 ιιι
640 2747 670 2785 re
685 2729 804 2795 tributis,
818 2727 913 2785 dicere
926 2728 992 2784 licet
1005 2744 1070 2784 cum
1088 2727 1119 2783 S.
1115 2728 1276 2809 Augusti·

93 2840 144 2925 no:
167 2824 262 2887 “Jam
278 2825 324 2881 illa
339 2843 401 2897 quae
415 2844 444 2883 ιιι
459 2825 657 2900 Stephanum
648 2836 768 2883 rrrrtatus
783 2823 881 2883 effudrt
894 2833 1040 2883 retractare
1054 2822 1140 2881 nolo
1144 2823 1167 2858 '³
1204 2822 1268 2882 Cas·
1339 2818 1344 2875 '.

59 2888 177 3001 &terum
188 2940 245 2979 non
254 2921 282 2979 id
294 2921 405 3001 penitus
418 2919 638 2997 praetereundum
651 2920 726 2994 quod
737 2918 850 2979 sanctus
861 2920 908 2979 hic
919 2919 1016 2977 doctor
1027 2902 1140 2976 adnotat
1149 2928 1266 3013 censeo:
1275 2924 1291 2955 ¹
1334 2902 1344 2995 ,³

96 2996 322 3101 ‘Quamquam
321 3037 378 3077 non
399 3017 501 3085 desint,
516 3018 564 3090 qui
585 3018 640 3076 hoc
656 3018 833 3095 Cyprianum
854 3035 969 3094 prorsus
987 3035 1044 3093 ιιοιιΙ
1061 3018 1186 3098 sensisse
1200 3036 1267 3087 con·
1324 2998 1338 3087 ,³

93 3114 212 3197 undant,
222 3115 278 3174 sed
292 3116 382 3173 sub
358 3135 419 3192 ejus
439 3116 595 3175 nominee
604 3116 854 3197 presumptoribus
869 3128 952 3188 atque
972 3114 1156 3174 mendacibus
1177 3116 1266 3174 luisse
1323 3102 1333 3195 ἰ

90 3212 259 3271 confictum!
263 3212 287 3248 ⁴
306 3216 322 3248 *
343 3215 358 3248 *
378 3215 395 3248 ¹*
417 3220 436 3248 ‘⁶
428 3211 514 3270 ‘illud
533 3214 694 3282 concilium,
711 3215 755 3272 vel
775 3213 822 3272 illa
835 3214 947 3291 scripta,
963 3213 988 3270 si
1002 3231 1068 3271 vere
1083 3213 1174 3289 ipsius
1189 3223 1264 3281 sunt,
1329 3198 1338 3261 't

91 3318 202 3390 et3uon,
217 3310 290 3368 sicut
303 3309 392 3383 aliqui
413 3320 520 3386 putant,
535 3311 587 3370 sub
607 3311 670 3387 ejus
686 3312 977 3386 nomine-conscripta
998 3321 1080 3381 atque
1101 3307 1268 3366 cont'rcta.”⁸
1334 3298 1341 3403 ι’

91 3406 179 3465 Error
192 3419 284 3467 autem
296 3407 330 3464 de
342 3408 481 3483 baptismo
496 3406 571 3466 haud
583 3408 810 3466 inverosimiliter
821 3407 968 3484 Cypriano
980 3405 1116 3475 tribuitur,
1129 3403 1266 3477 quidquid
1333 3406 1340 3489 ι’

88 3505 128 3563 sit
140 3504 175 3563 de
189 3506 356 3587 scriptomm
371 3505 513 3563 authentia
527 3517 555 3563 et
570 3505 735 3581 integritate,
752 3524 834 3577 quam
851 3504 977 3580 plerique
991 3503 1077 3560 etiam
1091 3511 1265 3583 agnoscunta
1332 3498 1339 3569 i

86 3621 177 3676 quum
187 3604 262 3663 enim
274 3602 388 3661 unitatis
400 3602 548 3661 violatione
559 3601 654 3661 omnia
664 3601 753 3658 amitti
766 3601 872 3678 passim
884 3599 990 3666 doceat,
999 3605 1030 3657 'et
1042 3608 1119 3677 extra
1130 3594 1265 3658 unitatem

88 3699 163 3758 nillil
176 3699 277 3766 valere,
287 3699 457 3775 baptismum
469 3699 502 3756 ab
516 3698 653 3756 hereticis
665 3696 886 3764 administratum
898 3693 976 3753 omni
987 3712 1079 3753 carere
1091 3693 1191 3752 virtute
1203 3713 1266 3772 pro·

85 3805 223 3853 numerat
234 3796 325 3867 sequi.
347 3794 392 3852 Ea
402 3814 468 3853 vero
479 3812 541 3866 quae
551 3793 585 3851 de
596 3795 761 3852 libertateet
770 3792 882 3850 arbitrio
893 3790 1114 3867 uniuscujusque
1126 3790 1265 3871 Episcopi

85 3892 269 3957 in'Ecclesiae
284 3891 430 3968 regimine,
440 3892 552 3950 nonnisi
564 3911 579 3949 a
589 3891 705 3950 Christo
715 3888 870 3968 judicandi,
881 3890 910 3946 in
919 3888 987 3946 actis
999 3885 1112 3945 concilii
1122 3890 1266 3949 coutinen-

85 4003 141 4060 tur,
150 3992 198 4048 vix
208 3990 350 4048 cohaerent
359 4006 422 4045 cum
432 3988 440 4045 i
443 3984 521 4064 psius
534 3986 674 4064 Cypriani
685 3987 831 4054 sententia,
841 3985 908 4045 alias
920 3984 1070 4051 enuntiata,
1081 3970 1266 4063 quaEpisco-

84 4105 156 4164 pum
166 4086 333 4145 Novatianis
343 4083 499 4142 studentem
509 4085 571 4142 loco
580 4083 766 4161 dejiciendum
776 4082 920 4141 aSummo
930 4079 1068 4139 Pontifice
1076 4089 1170 4158 urget:
1187 4079 1265 4139 “Di-

314 4243 349 4303 (1)
367 4240 412 4305 Ep.
424 4239 475 4289 LV.
486 4241 518 4289 od
527 4238 626 4290 comet
634 4257 656 4303 p.
666 4238 710 4289 15³
721 4240 758 4288 ed.
771 4230 847 4288 Wirc'.

318 4322 354 4385 (2)
372 4322 475 4372 Inactis
485 4322 669 4375 Concessa·
739 4350 741 4355 v

159 4398 162 4405 ¹
207 4464 211 4471 ,
317 4407 353 4469 (3)
372 4408 397 4456 S.
407 4405 532 4472 Angla.
543 4415 627 4455 contra
638 4404 805 4456 Doortc25.

314 4493 351 4553 (4)
369 4491 414 4556 Ep.
425 4490 490 4542 xciii·
501 4491 532 4541 ad
542 4489 654 4539 Vincunt.
664 4489 727 4554 Rog.

224 4618 234 4625 .
272 4606 277 4623 ι
315 4577 352 4637 (5)
370 4575 415 4640 Ep
426 4574 491 4627 miti.
657 4578 659 4585 '

206 4662 279 4722 Vos.
295 4661 397 4719 ῐ.-’-23
497 4737 501 4747 ι
