2738 5032
93 267 153 325 87⁴
376 264 432 325 DE
453 262 629 333 ordonn
653 266 991 331 SCRIPWMRUM.

136 423 204 504 Obj.
217 430 248 483 2.
269 423 410 491 Ecclesia,
424 436 520 484 custos
533 424 600 485 licet
612 437 641 484 et
653 427 733 491 tcstis
747 427 965 505 flcipsuramm,
979 449 1037 490 nou
1057 441 1153 508 potest
1165 429 1268 490 dubita·

93 521 211 587 donam,
223 539 286 594 qun
299 519 335 578 de
345 521 440 594 aliquo
453 522 526 581 libro
534 534 632 583 exorta
642 523 792 606 aliquando
803 524 895 592 luerit,
907 526 964 585 uisi
975 524 1155 604 conjiciendo
1164 524 1268 587 tolleres

93 629 123 677 st
136 636 203 676 vero
216 619 385 695 conjecturis
400 637 457 677 non
471 629 565 695 potest
577 619 649 678 libro
663 620 747 678 alicui
760 619 856 681 divina
868 621 1004 683 accedere
1015 625 1177 701 auctoritss.

131 714 221 793 Resp.
242 715 376 775 Ecclesia
393 715 533 793 judicium
547 714 583 773 dc
604 716 667 775 libri
681 719 817 777 canomcs
837 721 1000 781 auctoritate
1021 722 1179 807 proferens,
1199 721 1269 780 band

93 827 198 874 temere
219 813 364 890 procedit3
383 812 437 873 sed
450 825 559 873 maturo
573 815 699 874 instituto
713 817 854 885 examinn'
869 837 932 890 quae
946 817 983 876 de
1001 838 1037 878 ea
1055 820 1142 881 fuerit
1160 823 1269 894 andum

92 911 320 989 Apostolicorum
340 911 534 969 Ecclesiamm
554 909 677 981 traditio,
693 913 743 985 qui
763 913 962 989 plerorumque
975 906 1139 992 percrbsm
1159 917 1268 976 Petrum

91 1027 203 1078 sensus,
217 1019 310 1067 utrum
323 1009 477 1067 recensitos
491 1009 575 1066 inerit
584 1009 655 1067 libor
667 1010 697 1067 in
708 1010 843 1089 catalogis
856 1030 999 1071 sacroru·
1010 998 1149 1073 libroruin
1163 1015 1269 1091 publico

90 1107 254 1165 sustentate
266 1104 414 1171 consectis,
428 1116 522 1163 otmm
532 1106 604 1163 inter
614 1124 709 1164 sacrus
719 1106 880 1184 Scriptores
892 1109 1005 1185 publice
1015 1110 1265 1188 consueveritlcgi.

90 1213 183 1263 uturum
198 1202 369 1261 inviolabilis
381 1202 465 1271 ιἰιιιιι
477 1203 648 1263 auctoritatis
659 1203 735 1281 apud
746 1222 856 1273 omncs,
870 1206 953 1265 ctiam
968 1206 1151 1275 dissidentes.
1160 1209 1190 1266 in
1199 1209 1267 1285 ipsis

90 1301 265 1379 gravissimis
278 1299 345 1359 fidei
358 1300 568 1359 controversiis.
610 1298 667 1359 His
680 1303 814 1360 omnibus
827 1303 879 1361 rite
899 1304 1060 1380 perpensis,
1075 1304 1265 1365 habitastiam

88 1401 197 1457 radone
217 1415 319 1456 eorum
341 1415 404 1469 quar
428 1396 500 1455 libro
523 1396 714 1465 continentur,
737 1396 872 1456 Ecclesia
893 1399 1145 1476 solemni-judicio
1168 1401 1267 1460 librum

87 1492 209 1553 Oenone
222 1492 424 1552 includendam
437 1492 573 1562 decernit,
588 1493 614 1551 si
626 1494 721 1553 omnia
733 1495 764 1553 in
780 1493 810 1552 id
823 1496 997 1572 conspirent.
1027 1496 1098 1555 Non
1111 1498 1199 1574 igitur
1207 1517 1270 1557 con·

84 1592 203 1670 jscturis
211 1590 321 1649 tollitur
329 1590 466 1650 dubitatio
477 1610 543 1665 quse
551 1591 707 1650 nonnullos
716 1592 787 1651 olim
797 1592 926 1662 incessit,
937 1593 989 1651 scd
996 1594 1122 1652 rationes
1130 1594 1270 1654 dubitsudi

88 1699 278 1751 evanescunt:
300 1705 358 1747 nec
377 1687 451 1746 libro
471 1688 601 1747 tribuitur
624 1689 783 1755 suctcritas,
801 1688 859 1747 -scd
881 1707 945 1763 quc
958 1688 986 1748 ei
1011 1691 1087 1749 inest
1105 1688 1269 1760 declaratur,

86 1784 219 1845 fidelibus
232 1783 398 1843 certioribus
417 1784 510 1853 iactis,
523 1800 563 1845 cx
581 1795 659 1843 certa
670 1795 701 1843 ot
720 1786 834 1858 antiqua
847 1786 1006 1854 traditione,
1016 1797 1149 1847 musiaco
1168 1789 1268 1847 librum

86 1896 289 1948 mrumcsss,
302 1889 332 1939 ct
343 1899 481 1940 monem
502 1879 703 1941 includendam
723 1881 841 1958 Spiritui
852 1882 960 1941 Sancto
972 1891 1002 1940 et
1024 1883 1196 1960 presulibus
1216 1884 1269 1943 Ee·

87 1979 185 2039 closis
200 1978 300 2039 rideri.
431 1990 434 1995 '

68 2132 72 2139 ,
128 2074 197 2157 obj
209 2081 238 2136 4.
253 2076 312 2143 Qui
321 2075 422 2134 nolunt
432 2074 571 2135 Ecclcsiss
580 2072 707 2133 Judeicer
721 2074 756 2133 dc
767 2075 855 2133 veteri
866 2074 1071 2135 Oenonestarc
1079 2075 1202 2154 judicis,
1211 2095 1267 2137 nou

85 2182 208 2253 possunt
221 2171 360 2232 Ecclesia
374 2172 568 2230 auctoritatem
580 2169 724 2230 vindicare
739 2170 889 2231 canonem
903 2171 1092 2239 describendi.

126 2270 214 2349 Respa
230 2270 380 2329 canonem
392 2268 442 2342 qui
456 2268 558 2326 dicitur
565 2268 584 2327 J
586 2268 729 2328 udcomm
743 2270 864 2329 solemni
878 2268 973 2343 aliquo
985 2269 1130 2329 Eccloic
1143 2270 1162 2329 J
1164 2269 1267 2329 udsicss

85 2368 200 2428 decreto
215 2369 390 2446 propositum
399 2368 593 2444 ιςιοιιιιιιιιιιι
602 2368 733 2427 novimas
744 2366 859 2440 quidem
868 2368 955 2427 libros
966 2367 1017 2440 qni
1026 2365 1160 2429 dicuutur
1173 2367 1270 2443 Proto-

87 2466 227 2523 Canonici
246 2464 321 2541 apud
341 2462 458 2520 ludaeos
478 2462 639 2521 Palestinae
657 2463 765 2521 incolas
779 2464 891 2521 divinos
911 2463 1138 2534 fuisse-habitos,
1153 2465 1216 2523 sius
1232 2464 1268 2527 ub

86 2560 188 2621 Esdrss
208 2559 411 2623 auctoritatem,
427 2575 512 2630 quem
533 2557 660 2633 pleriqm
674 2550 792 2617 credunt
804 2559 891 2618 libros
911 2577 1009 2619 sacros
1022 2560 1053 2619 in
1072 2579 1166 2619 unum
1185 2561 1268 2620 colle·
1303 2548 1319 2633 ’-

86 2661 173 2739 gimo,
188 2659 249 2717 sive
264 2655 378 2735 publico
392 2655 487 2729 allquo
499 2655 586 2713 totius
597 2655 736 2715 Ecclesia
748 2655 928 2725 documento,
942 2658 986 2723 rel
1000 2659 1094 2736 gendo
1107 2659 1274 2726 traditiom'

86 2771 116 2818 et
128 2758 195 2818 fide.
230 2756 350 2815 Nullum
364 2753 508 2812 decretum
522 2754 654 2813 commus
668 2772 726 2828 quo
742 2754 790 2813 alii
802 2756 899 2832 rejecti
912 2746 989 2824 suntss
1004 2770 1127 2829 quorum
1141 2756 1268 2837 plcriqnc¹

87 2855 188 2916 Esdrm
215 2853 390 2930 temporibus
417 2851 570 2928 conscripti
598 2870 669 2921 non¹
687 2863 785 2915 crant,
815 2851 878 2910 Eos
905 2862 1002 2920 autem
1028 2854 1126 2930 magni
1157 2854 1265 2913 babitus

86 2971 152 3012 osse
182 2952 338 3029 prasertim
366 2947 439 3026 apud
468 2948 642 3008 Hellenistns
667 2947 845 3026 exploranm
871 2958 925 3039 est.
971 2940 1177 3017 Quodautcm
1204 2950 1267 3009 libri

86 3047 173 3120 aliqui
194 3052 258 3103 sote
279 3044 379 3102 Erdrse
400 3054 527 3120 tempora
546 3044 640 3122 forsan
652 3045 804 3122 conscripti
824 3043 985 3105 divinorum
1008 3046 1149 3115 librorum
1165 3047 1265 3106 colloc-

86 3144 162 3202 tione
185 3161 241 3200 non
266 3139 484 3207 includerentur,
498 3140 661 3216 contingere
685 3141 777 3218 potuit
790 3141 865 3213 quod
886 3160 944 3217 non
963 3138 1147 3213 innotuerint,¹
1162 3143 1207 3219 uel
1225 3142 1278 3201 te.

86 3259 195 3300 eorum·
208 3237 371 3297 auctoritate
394 3255 452 3294 non
479 3236 547 3293 satis
571 3246 720 3301 constaret.
762 3234 905 3295 (interum
927 3239 995 3296 satis
1022 3249 1067 3309 est
1085 3223 1157 3299 ¹illos
1186 3239 1262 3299 nullo

86 3336 200 3397 dccreto
213 3328 634 3421 Ecclcsiaeludaicn'rejectos,
648 3344 679 3390 ιιι
692 3343 819 3392 constare
833 3333 914 3391 nobis
927 3352 1106 3403 censeamur,
1116 3322 1262 3413 judicium

86 3433 225 3493 Ecclesia
240 3429 395 3488 camolicc
410 3428 445 3487 dc
459 3429 495 3487 iis
515 3429 680 3501 cccruquc
698 3429 830 3487 omnibus
851 3424 1048 3507 appellando:¹
1059 3431 1262 3508 dubitationem

82 3531 195 3589 scilicet
206 3546 271 3602 qum
283 3523 392 3585 Jndaeis
412 3521 557 3583 nonnullis
571 3535 631 3582 orta
643 3535 696 3593 est,
710 3524 904 3601 dissipandam
915 3545 955 3585 ex
975 3528 1142 3587 auctoritato
1154 3524 1261 3587 christi

85 3634 116 3683 ct
128 3624 328 3701 Apostolorum
344 3639 394 3697 per
406 3618 567 3679 Ecclesiam
580 3612 772 3679 innotescente
783 3620 859 3683 haud
872 3631 977 3681 temere
990 3621 1174 3689 confidimus.
1194 3623 1262 3682 Jure
1294 3636 1297 3645 “

87 3722 172 3799 igitur
183 3721 292 3797 optimo
305 3717 480 3795 Augustinus
494 3717 583 3775 ait.‘
586 3728 662 3777 ‘non
674 3729 741 3777 sunt
750 3717 898 3777 emittendi
907 3731 937 3778 et
947 3719 979 3777 hi
989 3718 1053 3779 libri
1063 3738 1138 3794 quos
1149 3718 1266 3795 qnidam

88 3827 156 3875 ante
170 3815 324 3875 Salvatoris
338 3813 487 3873 aduentam
502 3823 612 3871 constat
623 3818 688 3872 csse
699 3815 885 3891 conscriptos,
899 3815 950 3875 ssd
961 3834 1013 3901 cos
1027 3835 1084 3877 nos
1097 3827 1228 3929 receptis
1246 3836 1262 3875 a

87 3912 206 3980 luderis,
220 3913 321 3990 recipit
333 3923 427 3970 tamen
437 3909 566 3988 ejusdcm
580 3910 733 3969 Salvatcris
747 3911 924 3970 Ecclesia&

130 4006 196 4086 obj
211 4011 240 4065 4.
262 4005 452 4083 Quolongias
465 4006 499 4063 ab
520 4004 644 4065 exordiis
666 4006 707 4067 ιιι
732 4004 900 4067 Christiane
924 4006 1070 4077 distamus,
1096 4024 1133 4067 eo
1151 4009 1262 4072 minem

87 4116 154 4167 suut
165 4101 291 4162 subsidia
303 4103 337 4162 ad
349 4104 483 4162 librorum
493 4102 694 4173 auctoritatem,
702 4121 751 4176 qut
744 4102 895 4165 divinitus
906 4104 1058 4183 conscripti
1068 4106 1260 4181 perhibentem,

88 4197 304 4263 addiscendam:
326 4198 404 4274 Ergo
418 4198 547 4261 Ecclesia
560 4216 618 4258 oon
632 4208 724 4275 potest
744 4199 844 4258 mncni
871 4200 1069 4276 scripturarum
1089 4201 1194 4267 librum
1210 4203 1262 4271 ali·

88 4317 172 4373 quem
184 4294 275 4354 dubiae
290 4292 357 4351 clim
372 4293 438 4351 fidei
452 4293 626 4371 adjungeret·
998 4282 1004 4289 ’
1111 4326 1113 4335 =
1155 4322 1158 4328 Δ

120 4431 157 4492 (l)
173 4428 254 4478 Variis
263 4430 321 4475 snut
331 4424 361 4474 dc
370 4424 470 4475 Conone
477 4425 494 4475 J
496 4425 582 4477 ndmcc
592 4428 725 4479 aentcutis.
757 4426 959 4489 PlurcsyEsdrarn
966 4428 1057 4481 nabsm
1067 4435 1209 4485 auctorem:
1221 4430 1263 4481 sed

88 4514 144 4565 aliis
154 4513 235 4579 placet
244 4507 359 4576 synedrio
370 4523 427 4559 eum
439 4510 552 4570 tribucre,
562 4510 605 4577 alii
621 4511 715 4563 nullum
727 4512 835 4565 solemne
842 4501 964 4578 ¹iudicium
974 4512 1096 4578 prolstum
1112 4521 1210 4578 putant,
1221 4516 1263 4566 sed

89 4596 163 4646 libros
175 4594 256 4658 pelam
265 4596 374 4656 receptu
384 4595 410 4640 ct
420 4590 447 4643 in
458 4597 519 4646 wilt
530 4588 613 4657 batos

118 4676 156 4739 (2)
172 4675 204 4726 lu
216 4673 329 4742 Speculo.
