2738 5032
424 284 697 349 onerantium
719 268 1035 351 ncvemnoms.
1098 240 1106 259 ⁶
1179 270 1185 281 '
1284 288 1324 345 ιι

140 441 184 502 dat
195 443 274 524 leges
286 446 401 519 quibus,
416 447 616 525 cupiditatibus
630 445 755 516 domitis,
769 466 835 507 caro
848 447 959 525 spiritui
979 445 1125 515 subdatur,
1137 455 1167 503 et
1180 444 1218 502 ita
1231 441 1323 520 digni·

137 551 176 599 tas
191 541 315 602 humana
328 555 464 623 serretur.
506 544 737 620 Uniuscujusque
753 543 904 611 beatitudo,
918 554 948 603 et
960 543 1087 627 omnium
1108 543 1138 601 in
1153 528 1320 603 societatem

137 638 354 725 mumadam
366 640 480 710 utilitas,
495 660 532 700 ex
546 652 655 700 servata
668 641 795 701 doctrine
808 640 917 699 Christi
930 640 1112 699 derivaretur.
1151 640 1223 707 Quae
1237 638 1323 715 igitur

137 744 164 792 st
175 735 353 814 singulorum
367 732 582 797 necessitatibus
596 737 728 805 consulit,
743 750 772 796 ot
785 737 936 797 universali
948 738 1041 821 etiam
1058 737 1181 803 utilitati,
1194 753 1232 793 cx
1246 735 1322 802 Deo,

139 833 265 901 omnium
280 835 418 893 bonorum
433 835 520 904 sonte,
535 838 635 896 merito
656 847 786 894 censetur
806 835 938 903 ιιιιιιιιι.
980 831 1038 893 Del
1057 833 1244 911 perfectiones
1258 849 1323 905 quas

137 930 283 1007 schristo
295 932 377 991 nohis
390 934 540 1012 preposite
553 944 629 1002 sunt,
644 935 823 1008 obsequium,
833 953 971 999 amorem,
984 951 1155 1008 omnemque
1167 932 1323 991 humanum

137 1027 270 1086 affectum
295 1028 333 1088 ad
353 1046 385 1089 se
406 1029 555 1088 attrahunt.
598 1031 683 1089 Pater
704 1031 781 1089 enim
803 1041 856 1099 eat,
871 1031 1016 1126 benigno
1016 1049 1111 1089 amore
1131 1029 1325 1107 complectens

139 1122 223 1191 tilios,
238 1124 341 1198 quihus
355 1137 473 1184 aeternas
487 1122 571 1184 sedus
584 1126 700 1215 pararit.
742 1126 815 1204 Ejus
830 1108 1016 1203 providentia
1016 1126 1050 1184 ad
1065 1144 1165 1184 omnes
1179 1124 1324 1201 pertingit,

138 1238 230 1294 nsque
243 1222 355 1309 aliquos
368 1222 473 1283 deserit
490 1223 539 1296 qui
560 1242 619 1283 sue
639 1210 730 1282 fidunt
742 1224 877 1283 bonitati·
898 1223 958 1283 lilia
977 1223 1085 1301 quippe
1098 1223 1158 1299 agri
1172 1222 1257 1280 vestit
1277 1220 1326 1280 ds·

140 1338 216 1401 core,
230 1320 359 1379 volucres
373 1322 438 1403 coeli
452 1321 558 1398 pascit:
581 1332 686 1395 quanto
700 1314 791 1399 magis
802 1320 933 1381 homines
947 1320 1003 1383 nd
995 1322 1148 1399 imaginem
1162 1338 1243 1377 suam
1257 1337 1324 1377 con·

140 1416 234 1475 ditosl
254 1418 377 1477 Pnemia
387 1419 607 1492 obsequentibus
619 1420 777 1496 impertitur
786 1416 797 1486 ς’
807 1439 903 1497 pronas
916 1419 1139 1497 rebellibusspo
1149 1435 1262 1477 summa
1274 1434 1327 1475 sua
1351 1400 1357 1417 ⁸

144 1513 281 1593 aquitae,
295 1515 417 1592 irrogat:
440 1530 529 1588 saque
550 1515 637 1592 pollst
656 1516 783 1573 omnium
798 1516 915 1575 scientia
929 1535 984 1590 qua
1004 1525 1033 1574 st
1045 1512 1138 1573 cordis
1153 1531 1253 1572 arcana
1272 1530 1326 1571 suo

143 1622 263 1689 pstesnt.
273 1615 448 1692 conspectui.
489 1608 537 1673 Ex
551 1613 721 1690 benignitate
742 1614 804 1690 ejus
825 1624 853 1671 ιι
866 1614 1014 1672 clementia
1034 1615 1074 1681 fit,
1090 1624 1121 1671 ut
1144 1612 1227 1689 impii
1240 1612 1325 1669 etiam

141 1709 199 1768 stri's
222 1710 336 1769 interim
356 1712 482 1770 lruahtur
504 1711 668 1778 beneficiis,-
671 1728 779 1788 penas
802 1708 991 1786 deinceps‚'
968 1728 994 1766 ιι
1017 1729 1067 1768 eos
1087 1710 1227 1769 scelerum
1250 1707 1326 1766 haud

145 1807 317 1891 periment,
331 1807 426 1865 luituri
440 1818 567 1883 sternas.
1007 1859 1010 1866 .

180 1903 277 1961 Pietas
291 1901 387 1962 dirius
400 1922 472 1980 erga·
479 1903 609 1963 homines
624 1874 748 1963 maxime
762 1902 871 1961 elucet'
864 1922 893 1960 ιιι
907 1901 1107 1959 incarnationis
1121 1899 1269 1976 mysterio,
1282 1899 1326 1961 sic

143 1998 225 2058 euim
233 1998 315 2058 Deus
327 1999 465 2058 mundum
480 1998 615 2058 dilexisse
629 2000 800 2076 perhibetur,
808 2011 844 2057 ut
856 1998 946 2057 lilium
961 2016 1044 2056 suurn
1058 1996 1235 2074 unigenitum
1249 1988 1328 2053 diret

143 2093 331 2157 adhumanas
350 2096 476 2159 maculas
490 2112 543 2182 suo
563 2097 700 2173 sanguine
720 2094 865 2165 eluendas
905 2095 999 2163 Qun
991 2093 1112 2152 instituit
1125 2092 1272 2163 Christum·
1284 2110 1328 2150 ιι-

142 2189 315 2267 demptionis
329 2191 465 2275 fructibus
485 2210 538 2249 nos
553 2191 720 2268 repleturus,
734 2208 876 2250 summam
890 2190 1112 2259 munificentiam
1126 2202 1155 2247 ιι
1169 2188 1329 2247 ιιιιιιίιοι·

142 2285 217 2363 dam
231 2287 408 2364 produnt.
479 2298 496 2331 -“
1322 2278 1333 2295 ’

177 2384 284 2465 Μιιιιι
295 2402 359 2456 (ιιι
374 2383 487 2461 Religio
497 2382 801 2443 Christiana-homini
793 2384 916 2461 injungit
928 2383 993 2442 Deo
1004 2380 1201 2465 persolvenda,
1211 2401 1325 2442 summo

85 2516 89 2523 ·
143 2483 238 2540 ιιιιιιι
252 2480 381 2540 omnium
395 2480 498 2540 arbitro
512 2492 545 2540 et
556 2483 663 2540 auctori
676 2481 865 2541 conveniunt:
880 2491 924 2539 est
938 2481 1044 2558 quippe
1058 2481 1158 2558 spiritu
1173 2491 1202 2540 et
1215 2481 1329 2539 veritate

141 2577 288 2646 colendus,
304 2577 417 2654 quippe
424 2597 473 2650 qur
465 2577 609 2655 Spiritus
624 2589 669 2636 est
670 2579 913 2659 'perfectissimus
956 2578 993 2636 Ei
1008 2577 1143 2636 revelanti
1157 2576 1327 2635 credendum

139 2684 254 2732 csttoto
274 2672 378 2731 mentis
399 2671 556 2746 oh'sequio:
578 2674 752 2752 praecipienti
771 2686 816 2771 ιιι
829 2672 1032 2732 ohediendum:
1056 2691 1214 2745 omnesque
1236 2670 1329 2730 cordis

127 2772 264 2831 allectus
279 2791 306 2830 er
298 2770 432 2829 'dicandi
446 2782 521 2830 sunt.

143 2868 327 2929 Homines
335 2864 499 2927 ¹Christiane
510 2867 601 2927 edocti
612 2868 758 2926 uniuersos¹
768 2865 1023 2951 complectuntur
1000 2883 1110 2922 sincera
1118 2863 1312 2931 dilectione,
1287 2882 1331 2922 ιιι

142 2966 218 3025 enim
241 2963 371 3043 praecipit
393 2975 482 3040 pater.
489 2981 652 3043 supremus.
700 2963 808 3022 Omnia
828 2963 913 3040 igitur
932 2961 1124 3035 beneticentioe
1145 2960 1240 3019 officia
1265 2970 1332 3018 sunt

142 3082 207 3140 erga
224 3081 257 3121 ιι
280 3061 403 3121 ιιιιιιιι
422 3060 619 3139 persolvenda.
663 3061 786 3138 ‘lnjurire
806 3079 876 3134 quas
899 3059 993 3118 forsan
1015 3060 1117 3132 aliquis
1137 3059 1332 3127 tuterie‘sunt

141 3158 347 3251 condonandae,
370 3156 479 3215 Christi
501 3157 535 3215 ad
556 3159 737 3236 exemplum,-
752 3143 800 3232 qui
821 3158 950 3226 hostibus
974 3156 1157 3215 soevicntihus
1183 3156 1294 3215 veniam
1315 3175 1331 3213 a

147 3242 222 3332 patre
233 3256 368 3333 precatus
381 3262 433 3312 est.
497 3266 542 3311 ,ιι
753 3310 756 3315 .

184 3350 392 3426 Unusquisque
406 3371 465 3410 sum
486 3363 590 3421 nature
604 3353 767 3440 dignitatern
781 3353 929 3412 ιιιιιιιιιι
945 3353 1029 3411 discit
1042 3370 1079 3409 ex
1091 3349 1261 3437 Christiane
1276 3349 1332 3408 Re·

149 3446 264 3541 ligionis
277 3447 436 3524 principiis,
451 3466 516 3507 nam
531 3447 587 3505 ad
580 3449 731 3525 imaginem
746 3449 801 3531 Dei
816 3467 847 3506 sc
862 3450 941 3507 novit
954 3448 1108 3514 conditum,
1123 3432 1152 3504 ιι
1165 3445 1200 3504 ad
1213 3446 1331 3522 gloriam

149 3530 313 3611 celestem
305 3560 336 3603 ιιι
357 3543 453 3603 Dei
427 3543 536 3603 ursione
557 3523 788 3616 assequendams
816 3544 854 3603 Se
869 3556 962 3603 autem
984 3562 1091 3619 regere,
1106 3561 1172 3600 suas
1193 3542 1332 3605 moderari

148 3640 327 3719 cupiditates,
341 3658 445 3713 easque
459 3658 592 3699 exercerc
607 3641 722 3698 virtutes
734 3640 833 3699 arduas
847 3653 877 3698 et
885 3631 1037 3708 sublimes,
1052 3657 1115 3712 qnae
1133 3641 1205 3698 riam
1220 3640 1255 3699 ad
1271 3643 1334 3699 bea·

138 3736 296 3797 titudinem
311 3747 444 3794 aeternam
463 3748 571 3814 parant,
586 3737 664 3795 solus
685 3736 764 3795 norit
782 3736 964 3810 qui·Chn'sti
982 3736 1106 3794 imbutus
1126 3747 1171 3795 est
1190 3736 1330 3795 doctrina.

146 3834 308 3912 Disciplina
319 3833 389 3892 adeo
399 3845 496 3892 sancta
505 3845 534 3893 et
546 3822 686 3903 suhlimis,
696 3842 761 3908 queis
776 3835 1010 3912 philosophorum
1025 3835 1153 3894 omnium
1163 3834 1333 3894 documenta

141 3932 303 4013 legesque
297 3949 398 3990 omnes
412 3929 548 3990 humanas
562 3932 647 4009 longo
662 3933 812 3991 intervallo
820 3931 945 4045 excedit,
958 3931 1052 3990 Deum
1066 3930 1169 3991 haheat
1189 3944 1332 3995 auctorem

153 4049 269 4089 necesse
283 4039 382 4087 est.
1035 4042 1038 4050 ’
1174 4040 1180 4047 ·

187 4126 312 4187 Pulchre
334 4137 364 4183 et
385 4143 450 4182 vere
474 4125 649 4203 Augustinus
670 4127 831 4186 Ecclesiam
852 4127 1053 4201 alloquiturr‘
1057 4128 1181 4209 ‘Merito
1201 4128 1333 4187 Ecclesia

150 4220 300 4283 Catholica
313 4230 402 4281 mater
415 4219 642 4281 Christianorum
664 4222 821 4291 verissima,
836 4243 900 4282 non.
914 4223 1007 4281 solum
1021 4223 1115 4300 ipsum
1131 4225 1236 4293 Deum,
1251 4224 1333 4302 cujus

141 4319 261 4409 adeptio
276 4321 334 4378 vita
347 4329 393 4376 est
404 4314 576 4388 beatissima,
589 4321 742 4397 purissime
753 4330 862 4398 atquo
851 4321 1008 4380 castissime
1022 4321 1174 4381 colondum
1185 4321 1334 4398 ιιιιιιιιι,

133 4402 254 4476 unllam
267 4416 349 4495 nobis
370 4414 538 4475 adorandam
553 4427 708 4475 creaturam
732 4417 869 4476 inducens
886 4419 931 4476 cui
952 4419 1058 4478 servire
1068 4420 1235 4495 jubeamurr
1257 4429 1286 4479 ιι
1299 4420 1334 4478 ab

149 4511 218 4571 illa
211 4522 372 4588 incorrupta
385 4523 414 4569 et
427 4511 583 4570 inviolabili
598 4515 761 4581 eternitate,
776 4533 822 4572 cur
814 4514 890 4572 'soli
903 4514 991 4574 homo
1005 4514 1198 4591 subjiciendus
1219 4526 1271 4584 est,
1287 4516 1334 4576 cui

149 4609 200 4670 soli
214 4608 358 4670 rationalis
372 4608 467 4669 anima
480 4608 651 4673 cohorsndo
663 4621 723 4671 non
737 4611 841 4671 misera
853 4622 907 4682 est,
921 4611 1076 4699 excludens
1089 4629 1180 4670 omne
1188 4611 1272 4687 quod
1280 4613 1341 4673 tae-

84 4368 102 4431 lj
