2738 5032
413 245 469 307 DE
492 246 690 306 UNl'PATlS
711 244 894 313 CEN'I'RO.
1189 234 1246 300 189

114 398 179 484 otj.
196 408 241 464 lb.
264 405 296 462 S.
311 402 491 464 Ambrosius.
525 396 552 442 ‘⁸‘
564 404 627 478 Nec
641 403 746 462 Paulus
760 404 873 463 inferior
886 402 1017 471 Petro,”¹
1035 412 1064 460 et
1082 403 1102 437 ‘⁶
1112 399 1179 466 llic,
1193 399 1242 457 ubi

75 500 185 569 audivit,
200 511 267 560 ‘vos
282 512 374 560 autem
386 499 453 574 quid
467 518 513 558 me
525 499 616 558 dicitis
624 501 646 558 ι’
668 501 761 575 statim
775 500 830 558 l'oci
845 502 900 558 non
915 500 1062 557 immemor
1073 498 1126 564 sui,
1142 498 1243 575 prima·
1322 496 1326 503 '

77 609 131 657 tom
144 599 213 677 egit,
228 599 378 676 primatum
392 597 578 655 consessionis
592 598 698 670 utiqne',
713 616 769 655 non
788 597 912 663 honoris,
928 597 1076 672 primatum
1097 592 1173 662 fidei,
1187 612 1245 651 uon

75 695 228 754 ordinis.”¹

86 796 88 801 ’
110 792 199 872 Rcap.
222 793 320 852 Primo
343 793 406 852 loco
427 792 461 852 de
483 794 582 851 merito
596 793 705 850 virtutis
727 793 784 869 agit
805 792 835 849 S.
859 792 1034 850 Ambrosius.
1058 790 1247 867 '“Separste,

77 890 178 964 inquit,
193 890 275 961 mihi,
288 890 410 948 Paulum
424 901 452 948 et
472 882 638 949 Bamabam.
679 888 789 946 Videtis
806 890 931 966 jubentis
951 889 1111 964 imperium,
1126 899 1249 965 spectate

79 986 176 1046 merita
190 982 381 1047 servientium.
403 990 420 1024 ¹*
440 990 456 1024 ἰ
477 993 492 1024 *
512 987 609 1059 ltaque
624 986 719 1044 Sancti
739 986 862 1063 Spiritus
873 987 980 1045 electus
994 984 1123 1062 imperio,
1134 983 1209 1059 qood
1223 985 1250 1043 ei

80 1084 111 1143 ad
124 1104 211 1145 omne
225 1084 396 1165 redundabat
407 1085 526 1165 insigne
540 1085 714 1151 meritorum,
728 1103 785 1142 nou
807 1076 869 1142 suit'
879 1095 955 1142 tento
976 1083 1106 1161 indignus
1120 1085 1249 1162 collegio.

81 1168 339 1260 Una'enimgratia'
349 1180 473 1258 fulgebat
489 1182 518 1239 iu
532 1181 577 1238 his
592 1198 663 1253 qnos
677 1181 798 1257 Spiritus
812 1200 885 1239 unus
899 1181 1027 1258 elegerat.
1070 1182 1132 1240 Nec
1146 1182 1252 1241 Paulus

81 1281 194 1355 inferior
207 1280 302 1363 Petrp,
317 1280 445 1354 quamvis
459 1279 506 1336 ille
528 1279 665 1341 Ecclesiae
686 1270 907 1346 fundamentum,
923 1290 951 1336 et
970 1279 1016 1336 hic
1037 1280 1149 1359 sapiens
1164 1279 1253 1336 archi·
1282 1344 1285 1349 ,

80 1372 271 1456 ιιοιιιιιιιιιιι
278 1378 397 1459 uestigia
405 1375 576 1434 credentium
588 1374 703 1434 fundare
715 1376 893 1453 populorum.
926 1377 990 1434 Nec
1001 1375 1116 1443 Paulus,
1126 1376 1251 1449 inquam,

84 1472 212 1553 indignus
226 1470 428 1551 Apbstolomm
438 1473 578 1549 collegio,
593 1492 657 1530 cum
678 1473 770 1549 primo
784 1492 896 1546 quoque
916 1473 996 1532 facile
1017 1473 1211 1541 conferendus,
1226 1483 1255 1532 et

84 1568 152 1628 nulli
165 1569 317 1636 secundus.
358 1569 493 1640 Numqui
509 1576 543 1624 se
555 1568 690 1658 imparem
698 1569 804 1635 nescit,
819 1568 885 1626 lacit
898 1569 1075 1641 equaleml’
1106 1570 1209 1645 Liquet
1219 1568 1257 1628 de

84 1667 187 1725 meritis
201 1670 265 1724 e'sse
280 1685 450 1732 sennonem,
465 1665 542 1724 Petri
556 1666 649 1723 autern
669 1665 773 1721 servari
795 1658 983 1741 privilegium,
998 1667 1072 1741 quod
1087 1669 1193 1745 primus
1207 1668 1254 1735 sit,

85 1763 335 1855 stfuudamentum
353 1763 500 1825 Ecclesiae.
542 1762 628 1820 Alio'
621 1780 650 1819 m
664 1761 772 1819 locoS.
788 1761 954 1845 Ambrosius
971 1764 1167 1822 unimadvertit
1180 1765 1257 1838 quod

86 1834 247 1940 dululvariae
259 1870 451 1919 enarrareutnr
461 1859 496 1917 de
508 1859 624 1917 Olrristo
635 1858 794 1935 opiniones,
806 1846 922 1916 tac'uelit
934 1857 1045 1926 Petnrs,
1058 1878 1142 1932 quem
1152 1861 1258 1920 idcirco

84 1957 127 2043 sic
138 1954 344 2030 Alloquiturr·
350 1956 470 2021 “Taces
485 1974 562 2032 ergo,
578 1945 688 2022 Simon,
702 1965 731 2011 et
745 1954 976 2034 respondentibus
991 1955 1053 2013 aliis
1067 1953 1158 2013 adhuc
1172 1965 1258 2023 taces,

74 2072 144 2115 ,ιιιιιι
167 2054 231 2131 ipse
252 2054 292 2111 ιιι
313 2053 421 2130 primus
442 2054 458 2088 '¹
479 2054 495 2088 ι
515 2055 532 2088 ¹*
554 2051 613 2109 Hic
632 2050 700 2127 ergo
715 2053 763 2123 qui
786 2061 849 2109 ante
870 2052 1011 2119 reticebat,
1026 2063 1057 2110 nt
1075 2051 1188 2111 doceret
1206 2072 1260 2111 nos

87 2149 189 2223 qnod'
181 2149 333 2225 impiorum
348 2166 401 2205 nec
414 2148 529 2204 verbum
549 2146 702 2203 debeamus
723 2146 839 2204 iterare:
863 2147 941 2216 hic,
934 2167 1059 2220 mquam,
1074 2149 1122 2206 ubi
1135 2147 1261 2206 audivit:

85 2254 149 2303 ‘vos
164 2255 256 2303 eutem
271 2263 356 2317 quem
370 2262 416 2301 me
430 2261 493 2302 esse
506 2241 630 2305 dicitisl’
657 2240 749 2327 stetim
771 2243 827 2299 loci
849 2262 905 2300 non
928 2245 1077 2302 immemor
1090 2246 1145 2326 sui,
1159 2247 1261 2322 prima·

77 2330 158 2400 'tum
157 2341 233 2425 egit:
256 2341 407 2418 primatum
422 2330 608 2396 consessionis
623 2322 730 2410 utique,
743 2357 800 2396 non
815 2338 940 2408 honoris,
952 2342 1102 2417 primatum
1116 2341 1192 2427 fidei,
1204 2362 1264 2402 nou
1296 2372 1299 2377 ·

84 2422 206 2516 ordinis3
228 2438 283 2496 hoc
298 2441 341 2495 ιιι
354 2437 465 2495 dicere-z
508 2436 593 2495 Nunc
608 2436 692 2494 nemo
709 2444 754 2494 me
768 2437 870 2504 vincat,
886 2456 960 2496 nunc
982 2457 1052 2496 meae
1074 2451 1165 2515 partes
1186 2452 1265 2511 sunt,

85 2512 171 2593 debeo
185 2552 377 2611 compensare
385 2533 463 2606 quod
484 2534 567 2600 tacui,
583 2533 666 2591 debet
686 2533 820 2609 prodesse
839 2534 916 2608 quod
936 2536 1012 2593 silui.
1014 2536 1034 2576 ἰ
1075 2537 1153 2606 Non,
1169 2534 1262 2616 igitur,

86 2608 190 2698 eo'loci
204 2632 261 2708 a'git
273 2630 440 2688 Ambrosius
455 2629 490 2687 de
504 2630 623 2706 primatu
638 2648 723 2703 quem
737 2630 838 2688 Petrus
853 2641 997 2712 assecutus
1012 2643 1064 2700 ιιι,
1077 2633 1111 2690 ad
1126 2636 1273 2715 pastorale·

87 2729 171 2788 totius
186 2728 280 2805 gregis
295 2746 397 2785 munus
419 2736 483 2804 post
503 2727 734 2785 resurrectionem
756 2737 887 2784 evectus·
914 2727 968 2784 sed
985 2728 1079 2785 laudat
1100 2729 1222 2787 studium
1237 2741 1267 2788 et

66 2824 225 2887 ¹fervorem
240 2814 326 2881 animi
347 2842 411 2881 cum
432 2822 487 2880 fide
508 2823 622 2889 eximia,
638 2841 692 2893 qua
707 2823 814 2897 primns
832 2822 892 2897 jam
909 2822 1119 2898 Apostolorum,
1135 2828 1268 2897 quemvis
1323 2887 1327 2892 .

89 2937 145 2978 nou
159 2918 251 2977 adhoc
259 2902 330 2976 culn
344 2926 418 2976 tauto
432 2927 579 2995 potestate,
592 2917 635 2974 sui
650 2917 774 2973 muneris
789 2926 881 2992 partes
893 2918 1034 2985 sustinuit,
1046 2937 1102 2981 uon
1115 2922 1269 2982 ambiendo

90 3015 237 3083 bonorem,
248 3016 294 3074 vel
307 3015 409 3093 gradus
423 3015 586 3092 dignitatem
601 3011 760 3081 asserendo,
776 3014 832 3071 sed
841 3032 939 3073 omnes
953 3015 1139 3093 precedendo
1152 3018 1223 3078 fidei
1230 3018 1267 3079 de

88 3103 204 3201 Christo
218 3099 281 3171 Deo
298 3131 349 3205 pro
351 3113 484 3171 sessione.
615 3118 618 3123 ’
998 3156 1001 3161 ,

127 3210 193 3290 Obj.
211 3213 258 3269 lo.
280 3209 424 3289 Apostoli
425 3229 442 3267 a
455 3209 562 3287 Spiritu
582 3210 686 3268 Sancto
702 3209 799 3269 edocti
819 3230 876 3269 non
900 3211 1079 3307 indiguerunt
1101 3216 1201 3292 capite,
1217 3234 1270 3274 scu
1348 3282 1352 3289 ¹

89 3308 237 3385 principe,
243 3326 300 3380 quo
317 3314 488 3393 regerentur:

127 3401 217 3483 Resp
237 3404 378 3481 Regimen
392 3404 530 3462 Ecclesiae
542 3405 742 3480 Apostolorum
755 3424 839 3463 causa
850 3424 906 3463 non
921 3416 965 3464 est
977 3368 1155 3474 institutum
1166 3406 1217 3465 sed
1229 3417 1270 3476 ot,

91 3501 245 3562 doctrinae‘
228 3502 421 3580 integritati,
411 3511 439 3559 et
451 3482 614 3560 Eecleslae
603 3502 692 3577 ipsius
703 3503 802 3583 unitati
816 3503 1017 3563 consuleretur
1059 3503 1191 3578 Spesiale
1200 3504 1271 3565 illud

93 3598 215 3676 Spiritus
236 3599 332 3656 Sancti
353 3597 486 3666 lumen,
481 3617 538 3655 uua
559 3616 624 3655 cum
646 3578 824 3673 plenitudine
841 3601 986 3675 potestatis
1009 3599 1112 3672 ubique
1136 3612 1270 3663 terrerum

88 3695 259 3765 exercenda,
269 3696 428 3775 Apostolis
444 3702 622 3759 concessum,
637 3695 755 3772 siugulis
779 3714 841 3772 per·
848 3697 944 3763 orbem
960 3697 1004 3754 sui
1025 3700 1149 3756 muneris
1163 3703 1272 3760 exerci-

90 3796 161 3855 tium
176 3794 286 3857 la'cilius
301 3793 441 3861 reddebat,
457 3794 507 3871 sed
528 3813 584 3853 non
599 3793 662 3851 ideo
676 3794 780 3887 capitis
789 3795 915 3872 regimen
930 3806 989 3853 erat
1000 3797 1213 3872 superfluum,
1199 3819 1271 3877 prae·

88 3880 189 3952 sertim
203 3910 291 3966 quom
287 3882 353 3949 alii
367 3890 402 3949 ad
422 3891 626 3968 Episcopatum
647 3892 737 3948 evecti
754 3897 859 3959 essent,
874 3911 923 3965 qur
916 3891 1008 3951 duce
1021 3902 1184 3971 rectoreque
1198 3897 1273 3955 iridi·

90 3984 204 4068 gebant.
245 3984 318 4048 Illud
342 3994 435 4064 ροιιο
445 3989 571 4066 regimen
585 3989 640 4046 ab
634 3989 713 4047 mitio
735 3988 818 4047 statui
839 3990 993 4068 oportebat,
1008 3990 1085 4064 quod
1103 4011 1155 4101 per
1175 3996 1272 4085 omniu

91 4086 256 4169 perduraret
268 4085 380 4163 secula,
396 4082 516 4159 ideoque
528 4086 661 4162 princeps
676 4096 735 4143 erat
748 4084 995 4144 constituendus.

123 4184 204 4264 obj.
222 4189 268 4243 17
284 4182 392 4246 Petrus
420 4183 528 4259 primus
556 4184 629 4263 inter
654 4202 735 4260 pares
763 4202 800 4241 ex
828 4184 913 4267 enimi
941 4185 1049 4247 fervore
1079 4189 1180 4267 extitit,
1205 4188 1296 4263 quin*

95 4282 210 4360 speciali
225 4281 318 4354 aliqua
330 4280 505 4341 auctoritate
513 4258 683 4357 fungeretur,
698 4280 804 4338 nisiex
819 4260 901 4339 tacito
915 4280 1019 4395 ιιιιιιιι
1028 4294 1190 4345 caeterorum
1205 4305 1275 4348 cou-

97 4397 193 4438 seusu.
234 4377 276 4435 lta
290 4375 436 4434 Calvinus.

260 4590 296 4653 (l)
314 4589 329 4640 l.
341 4589 404 4640 iidc
414 4587 478 4654 Spir.
488 4590 513 4639 S.
525 4605 546 4639 c.
557 4589 600 4640 ult.
764 4594 799 4655 (2)
816 4591 831 4645 l.
842 4594 872 4645 do
884 4550 982 4655 lomb,
993 4609 1014 4643 c.
1025 4572 1055 4642 ιιι
1149 4560 1152 4565 ⁵

943 4672 966 4729 n,
