2738 5032
134 244 194 301 me
437 237 494 299 ιι
513 236 792 299 succurreris
812 208 1021 299 nurnero.

136 408 166 456 et
177 397 334 457 doctrinam
347 414 432 470 quem
446 396 529 456 tradit
540 414 634 457 reram
648 413 713 454 esse
723 396 874 472 Evangelii
882 395 1150 472 interpretationem,
1162 394 1228 472 ipse
1238 396 1326 456 nobis

128 493 330 554 commendari
343 492 427 552 debet
439 495 546 553 eximia
560 496 625 555 sitae
637 492 794 560 sanctitate,
809 493 868 551 imo
882 492 1025 551 miraculis
1045 492 1168 559 muniri:
1188 493 1269 566 quud
1288 494 1325 555 sb

135 586 328 667 semeptisis
342 608 400 648 sua
415 590 560 651 missionis
574 599 770 667 argumentum
784 587 956 667 exigendum
970 587 1321 651 moveturmouetur

136 686 219 745 Nihil
234 695 327 745 autem
341 684 469 746 divinum
482 686 513 746 iu
526 704 561 751 eo
575 685 670 747 videre
689 695 735 743 est
752 684 830 759 quod
851 685 993 762 principer
1015 683 1129 757 quidam
1144 684 1320 756 Germanirr',

134 781 237 841 ledere
256 782 337 850 inito,
360 780 469 841 casm
489 801 554 841 seso
573 781 769 860 opposuerint,
790 781 889 860 populi
908 781 1045 867 libertatis
1069 780 1224 847 dulcedine
1247 783 1342 861 capti·

133 879 233 949 umis
228 897 288 975 pro
301 893 376 938 uero
390 879 550 957 Evangelio
564 878 761 957 pugnaverint,
778 887 808 937 et
826 878 866 936 ita
884 858 983 955 mules
1003 877 1105 952 aliquae
1124 879 1160 939 ab
1181 878 1320 944 Esthuic

132 968 335 1047 communione
342 972 462 1041 dirubse
470 972 979 1052 srutplensqueabrnrtromlpreter
986 973 1125 1033 museum
1134 974 1319 1039 sublationem

134 1072 333 1151 cogitantibus.
465 1104 468 1109 ·

330 1424 368 1481 Ο.
382 1424 436 1483 XI.
459 1422 515 1482 DE
536 1420 757 1481 ECCLESIAE
778 1421 1136 1489 carnonlcn'arss.

177 1598 273 1657 Unam
286 1607 468 1672 raucumque
488 1617 553 1656 esse
567 1594 729 1658 Ecclesiam
742 1617 779 1657 ex
787 1598 990 1674 scripturiret
1003 1608 1131 1657 veterum
1152 1586 1318 1661 testimoniis

136 1692 403 1763 demonstravimus,
419 1713 503 1768 quam
519 1693 697 1753 Catholicam
711 1712 776 1752 esse
791 1693 851 1770 pari
871 1682 1013 1777 censensu
1032 1690 1147 1753 doce'nt.
1189 1692 1321 1755 Οιιιιιιιιι

135 1789 272 1848 iudaicus
286 1789 385 1848 cultus
399 1790 456 1849 lere
477 1791 549 1849 intra
570 1790 675 1848 limites
690 1788 773 1847 unius
794 1788 897 1864 gentis,
914 1791 1042 1861 quamvis
1054 1789 1197 1867 proselyti
1211 1790 1320 1864 quidam

135 1868 173 1944 ex
187 1887 317 1964 gentibus
332 1888 537 1965 exciperentur,
552 1886 601 1945 sed
616 1885 727 1944 Christi
740 1885 840 1962 religio
854 1887 986 1959 omnibus
1005 1892 1097 1964 patet*
1132 1886 1207 1947 Inde
1216 1888 1320 1946 facum

61 1970 65 1977 ’
136 1995 182 2042 est
194 1994 225 2042 ut
239 1984 319 2043 brevi
338 1984 469 2042 homines
484 2002 521 2040 ex
535 1982 614 2041 omni
628 1982 685 2041 sere
698 1991 782 2059 geute
797 2001 850 2040 suo
863 1982 928 2040 sinu
948 1982 1195 2062 complecteretur,
1209 1994 1240 2051 et
1252 1983 1320 2042 dice·
1337 2046 1342 2054 ,

136 2091 213 2141 retur
235 2080 470 2148 Cornelium-seu
489 2081 594 2154 ubique
615 2099 666 2158 per
686 2088 774 2139 totum
794 2080 892 2140 orbem
912 2079 1040 2140 diffusa·
1065 2082 1145 2141 ¹lluic
1160 2082 1321 2160 proprietati

136 2196 268 2255 mugnm
283 2179 341 2236 vim
356 2179 511 2238 tribuerunt
524 2178 676 2256 scriptores
690 2178 877 2236 vetustissimi
896 2188 962 2257 post
981 2178 1105 2237 haereses
1126 2191 1262 2245 exortass
1282 2180 1320 2238 lue

136 2274 215 2334 enim
228 2292 286 2333 uno
300 2272 346 2332 vel
359 2274 446 2333 altero
459 2273 528 2333 loco
537 2274 707 2351 pullulantes
720 2293 787 2333 non
789 2274 871 2333 facile
883 2272 1073 2343 Christianos,
1085 2280 1228 2335 vetustam
1240 2275 1322 2334 fidem

137 2371 243 2443 ubique
258 2371 432 2447 prolitentes,
448 2380 576 2448 poteram
589 2370 676 2429 elide
689 2370 784 2430 semel
792 2371 897 2429 sanctis
911 2364 1010 2430 tradita
1023 2371 1182 2431 abducere:
1203 2373 1324 2469 ideoque

135 2467 252 2524 cuilibet
271 2468 387 2525 novitati
408 2467 548 2526 Ecclesia
569 2487 620 2544 per
639 2468 737 2526 orbem
758 2467 869 2527 traditio
889 2478 918 2527 et
937 2470 1097 2555 auctoritas,
1112 2471 1193 2530 velut
1211 2464 1324 2531 scutum

138 2563 274 2633 ιιιιιιιιι,
289 2556 482 2642 objiciebatur.
523 2565 630 2631 Quinc
650 2564 756 2623 saeculo
776 2567 916 2643 explicata
929 2577 1014 2626 estet
1027 2548 1164 2645 proeclare
1184 2552 1332 2629 ‘vindicata

138 2659 173 2719 ab
187 2660 357 2738 Augustino,
372 2679 421 2734 qur
412 2660 609 2728 'Donatistas,
624 2661 750 2720 schisma
763 2682 780 2720 ι
793 2663 880 2739 priori
899 2663 1003 2723 saeculo
1023 2675 1159 2742 creptum,
1172 2667 1330 2725 occasione

139 2757 287 2818 Caeciliani
302 2758 337 2817 ad
351 2758 450 2817 eedem
463 2758 718 2837 Certlragineusem
733 2761 882 2838 assumpti,
897 2760 1120 2839 propugnantes,
1134 2756 1341 2824 nisum-erse

91 2932 94 2937 ῃ
138 2876 156 2914 ι
171 2855 288 2915 Christo
302 2852 435 2926 ostendit,
446 2875 482 2915 er
497 2868 533 2915 eo
543 2856 619 2930 quod
631 2876 729 2919 eorum
740 2858 897 2927 sectaintra
906 2858 1018 2916 Africae
1027 2859 1324 2936 partem-consisteret,

139 2973 228 3027 quum
242 2973 308 3012 vera
321 2954 454 3013 Ecclesia
464 2948 628 3013 'necessario
649 2960 701 3032 per'
719 2956 815 3014 orbem
837 2955 1050 3015 diffunderetur.
1079 2958 1210 3017 'Nostris
1229 2955 1328 3021 autem

140 3050 314 3126 temporibus
329 3050 593 3121 Gatliolicadicitur
605 3053 737 3111 Ecclesia
750 3053 784 3110 ab
799 3052 870 3130 ipsis
882 3053 1027 3122 Secteriis,
1040 3053 1089 3126 qui
1102 3053 1232 3131 plerique
1247 3072 1324 3132 syrn-

58 3215 61 3219 ,
139 3146 237 3205 bolum
251 3147 373 3206 retinent
386 3149 593 3226 apostolicum,
606 3142 656 3208 sed
670 3151 790 3210 molesto
800 3166 870 3211 sane·
879 3162 907 3225 et
917 3153 972 3212 sibi
982 3173 1040 3212 non
1050 3174 1177 3232 congano
1188 3152 1324 3216 vocubulc

25 3276 28 3281 ·
139 3263 171 3303 se
185 3245 313 3319 torqueri·
323 3248 391 3305 satis
405 3246 567 3307 osoenduut.
608 3248 790 3331 Methodistae
806 3251 855 3323 qui
870 3251 899 3308 iu
912 3251 1063 3329 baptismo¹
1075 3253 1264 3333 ministrando
1283 3255 1323 3317 iu·

121 3386 126 3395 .
139 3352 281 3425 terrogant
293 3340 329 3401 de
343 3335 462 3420 singulis
477 3338 608 3430 Symboli
629 3334 762 3414 articulis,
775 3344 982 3407 ιιιοιιιιοιιιι
994 3344 1149 3426 ιιι]ιιιιἰιι,’
1160 3349 1323 3411 Ecclesiam

139 3439 197 3499 Dei
210 3438 244 3499 in
257 3456 363 3518 genere
376 3436 533 3498 Catholicae
547 3440 663 3498 nomine
674 3439 841 3527 designari,⁸
866 3443 1081 3520 Episcopaliani
1092 3455 1232 3505 nostrates
1242 3447 1324 3507 inter

132 3538 299 3615 'rogationes
314 3540 456 3604 omittunt,
472 3538 527 3596 alia
540 3539 700 3608 substituta,
714 3528 749 3598 de
770 3540 900 3599 omnibus
922 3542 1046 3602 articulis
1061 3540 1234 3603 Christiane
1247 3544 1324 3614 fidel,

140 3645 226 3712 prout
237 3636 421 3713 in'Symbelo
435 3637 601 3714 Apostolico
616 3637 761 3697 habentur.
802 3638 936 3699 Pcorron
950 3640 1100 3700 manifesto
1111 3640 1224 3703 laborat
1242 3628 1272 3705 ln
1291 3646 1325 3705 'ea

140 3731 309 3808 explicanda
322 3732 461 3792 Ecclesia
475 3733 656 3810 proprietate,
667 3744 695 3792 et
703 3733 770 3793 dum
785 3734 842 3793 sere
856 3726 964 3794 accedit
974 3736 1009 3794 ad
1021 3750 1114 3796 veram
1127 3739 1208 3799 vocis
1218 3720 1326 3819 signifi·

19 3833 21 3841 '
141 3828 291 3896 cntionem,
307 3830 407 3904 aliqua
421 3824 645 3904 immiscet'quae
665 3830 756 3889 latiori
776 3834 960 3910 acceptatibni
980 3834 1101 3904 faveant,
1121 3854 1229 3916 nempe
1248 3836 1326 3913 'quod

141 3923 273 3982 Ecclesia
286 3945 386 3985 ornnes
400 3927 582 3991 necessarius
596 3936 624 3985 et
638 3926 773 3985 salutares
788 3929 918 3989 veritates
933 3920 1036 4000 tradet}
1049 3950 1150 3992 venam
1165 3936 1278 4015 scilicet
1290 3935 1326 3995 de

140 4018 394 4103 fundamentalibus
409 4023 619 4083 distinctionem
634 4021 805 4083 insinuens
848 4024 951 4085 Sceleri·
964 4026 1033 4091 dicit
1045 4028 1211 4095 Ecclesiam
1220 4032 1328 4094 Oatlro·

173 4256 209 4317 tl)
221 4255 554 4308 Sleidanlmrd't1595'
632 4272 635 4277 ·

173 4341 236 4403 (2)“
246 4341 283 4406 By
295 4341 396 4405 holyCa
397 4342 438 4390 tho
440 4343 598 4393 li'cChurcb
591 4358 612 4393 rs
624 4349 708 4394 meent
720 4343 760 4395 the
772 4346 864 4399 chureii
875 4348 906 4399 oi
916 4349 1008 4401 Gedru
1019 4352 1144 4415 generall’

142 4422 624 4495 .⁴(³)‘Tobeuisseminneeinrsugh
637 4429 777 4481 allectione
804 4434 819 4466 ι
852 4435 867 4467 ⁸
900 4435 915 4468 '²
937 4435 1267 4507 containingallneoeeenry
1280 4441 1343 4492 md

140 4527 227 4577 using
237 4508 338 4560 trullus
370 4506 486 4568 Poarson,
502 4510 573 4559 Art
567 4528 598 4560 ιι
911 4558 913 4563 .
