2738 5032
352 253 656 334 PENTATEUCHI
678 206 987 316 aduruntral'tt.
1225 263 1264 319 8⁶

91 409 174 482 Ellab,
196 416 246 488 qui
268 414 321 473 fuit
341 415 416 474 filins
438 415 557 482 Ruben3
583 432 655 488 qnos
675 423 772 490 aperto
794 432 843 472 ore
865 433 918 474 suo
937 427 1010 475 terra
1030 416 1173 476 absorbuit
1192 436 1260 479 cnm

88 494 209 571 domibus
224 524 252 572 et
272 508 457 572 tabernaculis
470 525 498 571 et
517 513 650 571 universa
668 513 824 570 substantia
843 531 952 589 eornm,
966 535 1050 589 quam
1074 516 1239 573 habebant
1232 536 1261 575 ιιι

86 608 172 668 medio
183 610 281 669 lsrael.
304 610 387 669 Oculi
398 610 483 667 vestri
493 609 729 683 videmomnia
737 628 823 685 opera
834 609 951 669 Domini
964 631 1066 690 magna
1074 631 1137 685 quac
1148 610 1263 670 rectem

122 703 187 784 ooj.
210 707 287 764 Mira
296 700 362 779 qnae
377 706 476 764 Moses
487 722 582 763 coram
594 686 741 763 Pharaone
757 707 883 782 patravit,
899 706 1023 766 divinam
1038 727 1096 767 non
1109 708 1261 786 exigebant

71 803 218 870 virtutem,
233 822 300 861 nam
314 802 395 880 Magi
408 803 576 880 AEgypuacr
590 803 716 860 lecerunt
729 803 868 870 similiter
880 804 965 861 vel
936 822 980 863 ato
990 818 1022 863 nt
1035 816 1129 864 textus
1143 804 1249 865 llebrai
1285 788 1288 793 Ι

82 919 129 958 cus
142 901 236 959 habet.

116 994 204 1074 Resp.
220 997 360 1065 Qnoedam
374 1017 410 1057 ex
424 999 459 1056 lis
474 1017 536 1072 quoe
549 998 649 1057 Moses
663 998 738 1065 fecit,
754 997 854 1056 imitati
865 1010 931 1057 sunt
942 1000 1032 1078 Magi,
1041 1018 1092 1058 sen
1106 1000 1260 1072 dromonis,

80 1092 159 1168 cnjus
173 1093 249 1151 vires
263 1094 394 1152 humanis
407 1094 491 1170 longe
505 1103 572 1151 sunt
585 1095 716 1170 majores,
729 1112 825 1170 opera,
840 1113 891 1152 seu
912 1096 1081 1155 intuentium
1095 1098 1186 1156 oculis
1200 1099 1259 1157 hal·

79 1188 249 1271 lucinatione
259 1191 340 1259 facta,
353 1211 402 1250 sen
414 1191 481 1250 dolo
492 1190 626 1258 adhibito,
641 1193 685 1249 vel
696 1193 767 1250 mira
779 1192 898 1265 quadam
908 1193 1072 1252 dexteritate
1083 1197 1261 1255 etceleritate

80 1287 161 1345 rebus
184 1288 298 1346 aliunde
317 1289 453 1347 adductis.
495 1287 640 1361 Quidquid
660 1289 707 1354 sit,
722 1300 831 1347 constat
851 1308 901 1347 eos
924 1289 998 1347 haud
1020 1291 1143 1350 vduisse
1164 1292 1262 1351 omnia

35 1435 61 1480 ἱ
80 1401 139 1456 qnae
153 1376 222 1442 lecit
232 1386 293 1462 ipse
305 1386 417 1453 imitari,
429 1384 478 1442 sed
491 1384 614 1443 divinam
626 1387 776 1461 agnovisse
788 1387 1001 1463 virtutem,ipsa
1013 1405 1107 1446 rerum
1119 1387 1262 1447 evidentia

10 1508 21 1537 s
60 1538 61 1543 ,
80 1492 208 1550 coactos3
222 1483 293 1549 risis
307 1484 382 1540 enim
397 1483 573 1558 sciniphibus
588 1483 797 1540 exclamarunt:
814 1483 949 1560 “digitus
961 1483 1017 1541 Dei
1030 1494 1075 1542 est
1088 1484 1183 1542 hio.’'¹

97 1614 100 1619 Δ
120 1579 187 1659 ooj.
203 1585 233 1638 2.
254 1580 392 1653 Pleraque
407 1579 442 1637 de
456 1580 546 1656 plagis
561 1579 647 1641 relata
661 1579 696 1635 de
717 1592 796 1654 peste
811 1581 839 1637 in
861 1581 993 1658 AEgypto
1007 1593 1068 1640 orta
1080 1595 1147 1642 sunt
1160 1583 1261 1643 intelli·

44 1727 45 1730 ,
65 1676 187 1753 -genda3
207 1687 319 1734 constat
332 1679 409 1734 enirn
423 1695 458 1733 ex
474 1675 598 1752 profanis
620 1674 761 1731 historicis
783 1674 924 1734 Israelitas
937 1679 974 1734 ob
995 1678 1071 1736 luem
1085 1690 1260 1756 gmmantem

81 1793 115 1831 ex
128 1757 262 1851 AEgypto
282 1775 387 1851 ejectos
409 1773 506 1847 luisse.
549 1772 625 1830 lnter
639 1772 733 1848 pisces
755 1772 844 1848 prima
864 1792 951 1846 quum
972 1777 1060 1851 pestis
1081 1777 1185 1837 indicia
1197 1776 1263 1837 data

21 1920 27 1932 .
80 1871 142 1938 sint,
157 1872 262 1930 fluvios
275 1889 375 1929 omnes
390 1871 512 1947 AEgypti
528 1888 671 1942 aquasque
683 1887 782 1926 omnes
797 1870 872 1926 rubri
886 1869 972 1927 lactas
986 1889 1050 1928 esse
1064 1872 1177 1940 eolorls,
1192 1891 1260 1949 poe·

79 1967 132 2026 tlco
146 1967 225 2025 velut
237 1976 346 2034 ornatu,
360 1967 481 2023 narravit
494 1965 626 2042 Moyses.
667 1964 755 2022 Ranae
770 1983 806 2023 ex
820 1966 902 2038 aquis
921 1966 1033 2023 insectis
1046 1966 1076 2023 in
1096 1976 1184 2024 terras
1199 1985 1263 2044 pro·

27 2048 29 2054 ¹
79 2062 304 2140 deantes‚=plagae
316 2082 420 2121 nornen
430 2062 543 2120 dedisse
552 2060 696 2119 videntur:
710 2061 855 2137 sciniphes
866 2079 903 2119 ex
914 2062 976 2118 ovis
985 2061 1014 2119 in
1026 2061 1141 2137 pulvere
1150 2048 1265 2121 delites·

77 2161 204 2219 centibus
222 2161 322 2227 exorti,
337 2159 447 2217 favente
462 2158 533 2216 aeris
547 2157 649 2224 calore,
665 2158 751 2215 veluti
765 2157 900 2215 divinitus
915 2158 1038 2216 immissi
1051 2158 1087 2216 ad
1101 2158 1259 2237 AEgyptios

78 2257 237 2334 puniendos
250 2256 427 2314 exhibentur.
469 2256 573 2313 Ulcera
589 2255 741 2311 hominum
762 2254 959 2331 pecudumque
979 2257 1075 2332 gravia
1096 2257 1259 2325 suntfacta,
1335 2306 1344 2317 .

22 2345 28 2367 ³
77 2354 121 2412 lne
132 2356 163 2413 in
174 2354 235 2413 dies
247 2338 338 2432 magis
347 2362 500 2431 grassante.
543 2361 563 2388 “
571 2351 709 2411 Locustas
721 2350 889 2424 quandoque
898 2353 1035 2428 gregatim
1043 2352 1166 2411 sublatas
1174 2364 1261 2413 vento

77 2452 105 2511 in
117 2452 208 2510 maria
218 2461 266 2509 aut
279 2460 377 2528 stagna
391 2448 552 2516 decidere,”
568 2466 604 2506 ex
618 2448 714 2505 Plinio
728 2447 904 2506 didicimus·
944 2449 1083 2506 Tenebras
1097 2449 1169 2508 nlhil
1182 2449 1260 2509 alind

79 2549 191 2608 dierunt
213 2559 314 2626 praeter
337 2547 535 2605 densissimam
561 2544 701 2603 nebulam.
753 2545 940 2622 Primogeniti
965 2546 1133 2629 AEgyptiaei
1157 2548 1261 2607 mortui

77 2639 216 2717 dicuntur,
232 2645 308 2721 qnod
322 2647 371 2720 qui
383 2646 464 2703 oetate
478 2653 507 2702 et
525 2645 589 2702 loco
603 2652 699 2701 essent
711 2643 869 2720 conspicui,
884 2654 913 2701 et
927 2645 956 2702 ln
977 2645 1077 2753 majori
1069 2644 1260 2703 'haberentur

80 2747 190 2821 proetio,
204 2755 285 2823 peste
299 2745 356 2801 sint
369 2732 480 2799 sublati.
542 2758 558 2793 κ

113 2843 204 2921 Reep.
227 2842 320 2900 Haec
312 2840 459 2917 ingeniose
480 2828 633 2916 finguntur,
649 2838 699 2895 sed
717 2858 782 2896 cnm
804 2839 881 2914 gravi
895 2850 924 2895 et
943 2837 1068 2913 simplici
1089 2837 1184 2897 Masis
1198 2856 1261 2896 nar·

79 2944 184 3001 ratione
198 2941 357 3005 nullatenus
372 2948 492 3014 possunt
505 2937 648 3012 componi.
670 2994 672 2998 Α
691 2937 771 3012 Vaga
783 2936 830 2992 illa
847 2945 875 2993 et
888 2937 993 2993 incerta
1013 2934 1194 3011 profanorum
1208 2947 1261 2995 tra·

79 3039 144 3097 ditio
158 3038 197 3097 de
211 3037 309 3114 ejectis
330 3037 366 3093 ob
381 3035 509 3093 morbum
524 3032 669 3100 Israelitis,
685 3033 752 3089 satis
766 3033 945 3090 manifestam
964 3033 1049 3091 habet
1065 3032 1099 3091 ad
1113 3033 1259 3093 historiam
1304 3040 1308 3049 '

80 3130 241 3199 Mosaicam'
258 3124 432 3199 relationem,
448 3131 586 3203 quamvis,
602 3139 633 3186 ut
649 3130 730 3197 solet,
746 3150 763 3186 a
781 3131 896 3189 veritate
911 3131 1028 3187 aberret.
1070 3130 1151 3196 Quos
1171 3132 1260 3208 pestis

79 3232 161 3290 relicti
172 3247 340 3308 progressus
352 3221 430 3285 notat
438 3244 592 3293 nonnemo,
602 3225 702 3283 Moses
712 3225 796 3283 refert
806 3225 876 3285 adeo
885 3246 921 3284 ex
931 3227 993 3302 ejns
1002 3227 1115 3285 arbitrio
1125 3227 1259 3303 pendere,

80 3338 108 3388 ut
119 3331 199 3406 virga
212 3329 241 3387 in
256 3326 341 3384 altum
356 3326 437 3392 elata,
453 3325 535 3400 plaga
554 3325 592 3381 sit
605 3335 674 3390 orta,
689 3334 718 3381 et
731 3324 860 3399 precibus
875 3323 1009 3399 deinceps
1030 3323 1101 3381 fusis
1115 3323 1209 3381 statim
1221 3324 1260 3383 sit

80 3430 198 3487 sublata:
213 3434 385 3501 quapropter
398 3424 443 3480 vel
457 3441 521 3480 eum
531 3424 643 3499 penitus
656 3423 761 3488 fallere,
774 3420 863 3497 (quod
878 3421 1010 3479 affirmari
1023 3440 1081 3478 non
1096 3439 1181 3496 posse
1195 3438 1260 3499 pro·

78 3523 228 3600 harimnu.)
243 3522 289 3579 vel
302 3518 348 3578 res
357 3530 493 3578 consueto
506 3538 599 3576 rerum
614 3518 705 3575 ordini
718 3519 829 3594 penitus
841 3518 993 3576 contrarias
1008 3517 1148 3586 evenisse,
1163 3517 1260 3578 dicen·
1333 3546 1349 3601 3

80 3622 141 3682 dnm
155 3631 209 3680 est.
224 3648 228 3655 v
247 3616 340 3685 ‚Hand
354 3618 421 3674 satis
433 3626 477 3674 est
489 3634 576 3673 unum
592 3623 640 3672 aut
653 3614 769 3672 alterum
784 3611 1100 3685 effectum'qnandoque
1113 3633 1151 3672 ex
1164 3616 1258 3673 causis

79 3719 246 3778 naturalibus
267 3715 335 3776 oriri
354 3732 450 3790 posse,
466 3712 516 3769 sed
537 3730 654 3769 necesse
674 3721 718 3768 est
736 3730 802 3768 enm
819 3709 884 3766 inde
904 3709 933 3766 in
954 3709 989 3765 iis
1004 3727 1098 3768 rerum
1118 3709 1258 3787 adjunctis
1295 3773 1297 3779 ,

79 3835 170 3876 revera
185 3822 334 3880 ortum,:ut
347 3812 444 3871 ordine
459 3810 575 3868 naturali
589 3810 727 3868 contineri
743 3807 893 3865 videatur.·

114 3915 181 3994 Obj.
197 3918 226 3971 3.
249 3911 341 3970 Maris
354 3910 430 3967 rubri
444 3908 570 3965 transitui
587 3908 670 3981 juxta
683 3907 819 3963 isthmum
834 3905 921 3971 Suez,
941 3905 1025 3962 maris
1040 3905 1165 3964 relluxus
1180 3905 1257 3964 dedit

80 4009 185 4071 locum:
202 4007 338 4086 AEgyptii
352 4016 444 4063 autem
459 4004 537 4061 fluxu
552 4004 637 4060 maris
648 3999 792 4079 inopinatd
805 4002 884 4073 aquis
899 4003 990 4077 operti
1002 4015 1077 4060 sunt.
1121 4003 1256 4062 Audiatur

79 4105 212 4167 Ethnicus
227 4105 357 4181 scriptor,
373 4104 585 4177 ιιιιιιριιιιιιε6
589 4098 738 4157 ⁶·Jnaedos
744 4098 839 4155 multis
854 4099 887 4155 ab
909 4097 1040 4175 AEgypto
1054 4092 1119 4157 cnm
1133 4100 1256 4176 poculis,

81 4214 131 4264 lum
143 4205 269 4307 optatibus
280 4201 442 4276 corrogatis,
455 4199 564 4270 aliaque
577 4197 732 4272 multiplice
744 4215 823 4272 gaza,
837 4195 959 4271 trajectis
968 4196 1077 4253 Arabiae
1089 4196 1256 4255 fluminibus

82 4308 233 4381 magnoque
247 4299 396 4358 conlecto
389 4298 498 4364 itinere,
513 4296 547 4353 ad
562 4315 638 4353 mare
658 4295 772 4351 rubrum
788 4294 869 4350 tertio
883 4291 997 4351 demum
1011 4292 1057 4351 die
1071 4295 1255 4369 pervenisse.

82 4407 154 4471 atquo
169 4422 185 4456 a
199 4395 370 4470 Memphitis
385 4393 521 4466 qnidam
514 4403 553 4450 ιιι
566 4412 625 4450 rem
641 4390 764 4457 narrari;
787 4390 912 4464 Moysen
928 4391 1013 4447 totius
1028 4391 1151 4466 regionis
1166 4393 1259 4448 scien·

259 4609 296 4669 (l)
316 4607 466 4657 Deut.o.xi.'
559 4605 596 4666 (2)
615 4602 816 4652 Exoduiiisss
887 4603 922 4663 (3)
941 4601 1075 4650 Plin.l.ni.
1091 4601 1130 4650 26.
