2738 5032
322 504 448 620 ltu
493 502 1055 622 nebulosis·

674 794 827 802 ..-.--—..

413 957 834 1051 TRAOTATUS,
860 959 930 1041 ΙΙ,

416 1238 418 1243 “
496 1228 855 1287 PROENOTANDA.
953 1245 957 1251 ’

121 1388 334 1447 Revelatiouem
345 1409 361 1445 a
370 1388 485 1450 Christo
495 1386 618 1445 divinam
628 1406 692 1444 esse
701 1406 787 1460 quum
798 1385 1094 1454 demonstraverimus,
1104 1385 1270 1444 Ecclesiam

83 1504 145 1556 quae
160 1504 223 1546 eam
245 1485 379 1562 praedicat
400 1485 508 1542 coelesti
523 1485 660 1544 munitam
679 1504 743 1542 esse
766 1485 927 1543 auctoritate
949 1485 1033 1561 plane
1047 1464 1186 1556 sequitur,
1201 1483 1271 1540 huic

82 1580 160 1637 enim
174 1581 323 1657 perhibent
336 1582 528 1645 testimouium
542 1591 570 1639 et
589 1581 723 1639 miracula
743 1579 844 1655 quibus
859 1579 973 1638 sundata
995 1591 1047 1648 est,
1061 1589 1091 1637 et
1103 1581 1273 1656 propagata,

82 1687 112 1734 et
132 1664 271 1756 martyres
290 1681 339 1755 qui
359 1699 411 1758 pro
432 1680 499 1747 tide,
520 1699 615 1752 quam,
630 1694 664 1736 ea
681 1678 809 1747 docente,
825 1680 985 1746 hauserant,
1007 1678 1176 1754 sanguinem
1197 1678 1272 1737 iuter

82 1766 221 1832 cruciatus
235 1775 375 1835 fuderunt.
418 1776 560 1832 Caeterum
585 1793 671 1846 quum
687 1774 840 1835 munnere
854 1774 913 1835 sint
932 1784 1015 1833 secta
1029 1793 1092 1849 quae
1106 1773 1170 1848 ejus
1184 1773 1273 1848 privi-

82 1871 316 1949 legiausurpaut,
330 1870 376 1930 vel
395 1870 549 1937 eorundem
567 1871 621 1926 sibi
641 1869 786 1933 vindicant
796 1872 979 1938 consortium,
994 1871 1095 1942 quibus
1110 1868 1219 1945 fulgeat
1231 1867 1273 1935 ‹ti-

83 1969 156 2026 vinae
180 1969 308 2046 originis,
332 1988 390 2045 prae
413 1968 480 2032 illis,
504 1965 626 2047 indiciis,
648 1965 795 2023 ostendere
810 1950 900 2049 ‘iuvat¹
950 1967 1102 2044 Augustini
1123 1965 1273 2038 sequimur

83 2066 258 2141 exemplum,
274 2066 333 2136 qui,
349 2072 437 2136 quur'n
455 2063 590 2128 Ethnico,
606 2062 640 2119 de
662 2061 779 2120 Christo
795 2064 943 2131 vaticiniis,
960 2063 1083 2124 divinam
1098 2062 1162 2138 ejus
1177 2070 1273 2119 aucto·

82 2160 193 2234 ritatem
207 2159 346 2228 suaderet,
361 2179 427 2217 eum
443 2158 484 2217 sic
496 2150 606 2224 inducit
620 2170 791 2231 quaerentem
804 2169 851 2216 :-“
862 2160 927 2227 Quo
939 2148 1008 2237 ergo
1021 2159 1104 2240 siguo
1118 2158 1273 2221 manifesto

84 2256 177 2337 adhuc¹
190 2257 335 2332 parvulus,
347 2269 375 2315 et
385 2252 511 2315 nondum
522 2257 617 2314 valens
632 2248 769 2328 liquidam
781 2256 939 2329 discernere
951 2257 981 2314 in
992 2266 1032 2314 tot
1044 2255 1186 2317 erroribus
1200 2255 1275 2313 veri·
1289 2326 1295 2343 ,

84 2364 179 2421 tatem,
195 2332 252 2423 quo
267 2353 416 2410 manifesto
429 2353 533 2410 indicio
555 2340 655 2415 tenebo
670 2352 830 2409 Ecclesiam
853 2351 972 2435 Christi,
988 2353 1016 2409 in
1038 2370 1122 2429 quem
1136 2351 1199 2428 jam
1213 2369 1273 2408 cre·

84 2447 150 2505 dere
165 2458 240 2505 tanta
262 2469 354 2507 rerum
377 2460 457 2508 antea
477 2448 671 2525 praedictaru'm
694 2447 919 2507 manifestatione
941 2431 1095 2525 compellor
1105 2434 1138 2505 p,
1190 2448 1271 2508 Huic

84 2546 295 2624 interrogationi
310 2546 463 2624 respondet
476 2559 589 2618 sanctus
604 2547 651 2604 ille
666 2547 782 2617 Doctor,
798 2548 891 2621 ipsum
899 2528 994 2605 ¹vatem
1008 2548 1174 2615 Jeremiam,
1189 2548 1273 2624 cujus

80 2645 143 2722 jam
163 2664 232 2702 usus
254 2645 344 2702 suerat
364 2644 544 2713 testimoniis,
566 2643 726 2705 Ecclesiam
749 2645 898 2705 maniiosto
918 2644 1082 2722 designare:
1109 2644 1275 2727 “Sequitur

85 2728 161 2800 idem
176 2743 324 2820 propheta,
339 2753 367 2800 et
381 2754 523 2816 tamquam
538 2754 631 2807 motus
646 2732 732 2809 animi
747 2743 808 2819 ejus
826 2743 1033 2801 ordinatissime
1047 2741 1208 2818 excipiens,
1223 2741 1275 2800 do·

84 2849 131 2896 cet
143 2859 208 2896 eum
223 2830 384 2898 Eodlesinm
400 2839 508 2899 Christi
523 2839 613 2925 ipsam
629 2858 691 2897 esse
706 2839 878 2929 praedictam,
894 2859 955 2912 quae
970 2839 1099 2909 omnibus
1111 2841 1229 2913 eminet,
1243 2850 1275 2898 et

87 2936 249 3027 apparet,”1
331 2986 334 2995 .
611 2922 614 2927 .

567 3167 792 3231 TABULA,
828 3120 831 3126 ·
878 3210 880 3214 ,

46 3310 48 3313 ¹
127 3325 271 3403 Tabulam
285 3322 516 3404 quandamorbis
529 3303 689 3397 Christiani,
696 3327 875 3396 exhibemus,
886 3339 917 3386 ut
930 3329 1055 3393 tractatui
1069 3327 1162 3404 majus
1175 3327 1279 3389 lumen

88 3420 230 3499 affulgeat.
324 3486 328 3494 Ι
759 3481 762 3485 ,
792 3498 795 3505 Ι
985 3488 989 3495 1
1164 3474 1167 3479 .

128 3519 261 3577 Ecclesia
275 3517 432 3587 catholica,
444 3521 527 3599 cujus
540 3530 666 3581 centrum
682 3521 811 3580 Romana
824 3509 902 3581 Petri
916 3521 997 3580 sedes
1009 3532 1064 3590 est,
1079 3532 1165 3586 totam
1181 3524 1277 3598 possi·

88 3614 136 3671 det
150 3614 269 3682 ltaliam,
294 3616 431 3682 Siciliam,
443 3608 602 3693 ¹Hispanias
616 3629 644 3674 et
664 3617 849 3689 Lusitaniam,
866 3620 1006 3695 Belgium,
1025 3629 1109 3681 totam
1131 3612 1190 3676 tere
1206 3619 1278 3677 Gal·

90 3712 168 3776 liam‚
184 3723 212 3768 et
228 3711 403 3780 Hiberniam,
419 3713 577 3780 Bavariam,
590 3712 748 3780 Poloniam,
764 3704 942 3782 Bohemiam,
957 3716 1142 3801 Hungariam,
1154 3727 1183 3772 et
1197 3735 1279 3794 mag·

92 3827 156 3873 nani
170 3806 283 3866 ditionis
296 3812 450 3870 Austriacae
463 3826 579 3888 partem,
591 3810 785 3887 Helvetiarurn
796 3814 889 3889 plures
900 3815 1067 3888 provincias,
1079 3814 1278 3890 plurimosque

91 3916 220 3980 numerat
235 3906 308 3975 lilios
333 3909 362 3964 in
382 3909 496 3984 hughe.-
510 3894 614 3973 Scotia,
631 3907 755 3974 Batavja,
780 3911 893 3976 Suevia,
909 3921 937 3967 et
957 3911 1109 3986 Norvegia,
1128 3911 1277 3979 Borussia,

93 4003 228 4068 Saxonia,
253 4002 365 4072 Russia,
389 4016 417 4085 et
439 4004 468 4060 in
491 4005 591 4079 insulis
612 4005 803 4082 Archipqlagi,
824 4007 942 4079 aliisque
964 4008 1092 4088 Graeciae,
1108 4007 1277 4085 et.'l¹urciae

94 4101 235 4175 Europeae
250 4100 384 4176 partibus.
426 4100 460 4158 ln
473 4103 543 4159 Asia
557 4102 712 4187 minoripet
733 4114 789 4168 tota
806 4103 911 4161 'l'urcia
931 4105 1054 4162 Asiatica
1074 4114 1143 4160 sunt·
1158 4104 1280 4179 plurimi

95 4195 247 4273 Catholici,
262 4196 311 4285 qui
326 4215 427 4274 magno
442 4218 558 4265 numero
572 4200 657 4257 etiam
678 4190 852 4275 reperiuntur
865 4203 969 4275 ubique
983 4202 1040 4260 sere
1052 4201 1144 4279 sparsi
1157 4220 1210 4278 per
1230 4178 1280 4262 ln·

92 4295 155 4369 dias
167 4292 340 4358 'Orientales
357 4304 384 4350 et
397 4295 504 4361 insulas
522 4298 670 4377 plerasque
684 4297 760 4355 Asia
775 4298 943 4375 adjacentes,
959 4299 988 4365 in
1003 4300 1081 4365 Siam
1094 4316 1182 4374 regno
1196 4295 1227 4362 et
1247 4302 1281 4361 in

418 4488 454 4556 (1)
472 4490 537 4555 Aug.
548 4498 640 4542 contra.
650 4491 778 4550 Faustum,
789 4493 805 4541 Ι.
819 4493 870 4542 xiii.
882 4510 902 4543 c.
915 4493 952 4546 1³.
998 4504 1000 4508 '
1095 4539 1098 4547 ,
