2768 5032
398 113 453 169 DE
475 110 693 171 ECOLESIAE
715 111 992 191 sauc'rl't'n'ru.
1019 150 1033 195 ².
1232 115 1287 169 lus

67 333 71 337 ,
104 268 251 339 medendis
264 269 475 347 diuturnousu.
516 269 698 343 Nullaelinnt
711 269 941 346 interrogationes
952 289 1018 329 cum
1034 271 1200 330 innocentie
1214 271 1287 346 peri·

103 366 188 434 culo;
205 377 303 424 monet
316 368 391 424 enim
407 366 519 424 Rituale
531 348 679 424 inutilibus
692 375 720 422 et
734 366 853 422 curiosis
863 367 1131 442 interrogationibus
1146 386 1202 425 non
1222 386 1286 425 esse

105 442 277 536 quemquam
286 464 484 531 detinendum,
500 462 653 539 praesertim
668 463 807 539 juniores,
821 481 859 520 ne
872 463 1034 535 scandalum
1050 466 1197 540 patiantur.
1238 465 1287 523 Ex

103 559 166 634 ipsa
180 560 340 635 p'aenitentis
354 559 532 623 {accusatione
548 557 652 634 pendet
671 557 837 634 plerumque
858 559 1052 635 interregnum
1074 561 1198 632 'exquirit
1210 562 1287 618 enirn

101 655 241 725 Sacerdos
256 676 307 734 pro
322 657 410 734 plage
424 658 478 715 sibi
489 659 549 735 jam
561 656 675 713 detectae
687 669 792 733 natura,
804 656 847 721 vel
862 659 1021 732 paeuitentis
1035 670 1101 717 nota
1114 658 1286 717 conditione.

103 754 177 822 Quae
199 765 293 825 autem
317 755 467 831 prudenter
481 742 538 831 'pro
560 755 601 811 rei
623 754 790 825 necessitate
811 757 898 826 quaerl
921 750 1083 831 contigerit,¹
1100 775 1157 823 ιιοιι
1180 768 1286 815 tantum

102 851 207 911 habeut
227 836 393 929 periculum,
409 853 565 921 bumilitate
581 853 687 927 quippe
701 863 729 908 et
749 853 834 913 animi
856 854 1075 928 compunctione
1096 854 1233 929 penitens
1254 873 1288 912 ea

103 947 209 1023 profert
230 966 292 1020 quae
313 967 344 1004 se
366 967 445 1023 reum
468 947 628 1013 ostendunt.
670 946 813 1011 Ceterum
836 948 969 1006 falluntur
982 950 1031 1020 qui
1054 940 1235 1024 putant-quse
1258 951 1287 1017 ιιι

102 1045 207 1103 libellis
233 1034 361 1122 precum„
375 1046 525 1119 aliqnando
548 1047 727 1105 continentur
751 1047 1020 1123 interrogationesn
1039 1047 1191 1113 Sacerdote
1215 1049 1287 1114 fieri,

103 1153 300 1226 proponuntur
313 1144 388 1200 enim
404 1142 597 1201 tautummodo
611 1153 642 1200 ut
660 1143 798 1219 paenitens
816 1162 875 1200 suae
895 1144 1075 1201 conscientia
1096 1155 1160 1205 moe
1180 1143 1289 1202 confes·

108 1240 221 1307 sionem
231 1240 360 1299 instituat
372 1258 511 1306 examen3
535 1258 588 1309 neq
604 1241 765 1298 auctoritate
786 1240 879 1313 aliqua
899 1240 1038 1299 Ecclesiae
1052 1243 1229 1308 sanciuntur,·
1239 1240 1290 1298 sed

106 1358 124 1395 s
134 1338 248 1414 privatis
259 1339 442 1415 scriptoribus
454 1337 626 1421 prodierunt
662 1337 719 1405 Qui
731 1337 801 1396 adeo
812 1338 962 1397 abhorrent
972 1339 1007 1397 ab
1018 1338 1096 1397 omni
1110 1349 1289 1416 peccatorum

107 1428 249 1503 mentione
263 1446 292 1494 et
305 1437 493 1503 accusatibne,
504 1434 608 1493 debent
620 1433 795 1511 perpendere
810 1436 921 1503 animm,
936 1436 1010 1497 sieut
1023 1447 1051 1495 et
1064 1436 1201 1512 corporis,
1215 1454 1290 1495 mor·

105 1531 156 1590 bos
170 1531 280 1591 occulta
293 1531 414 1605 quadam
427 1542 456 1589 et
469 1531 527 1589 fere
538 1530 673 1608 pudenda
692 1531 1016 1608 tractatioueindigerm
1037 1543 1066 1590 et
1086 1532 1180 1591 Deum
1193 1533 1288 1608 ipsum

94 1612 136 1689 siu
150 1628 237 1697 ueteri
250 1628 313 1706 lege
327 1628 504 1695 enucleatius.
514 1647 548 1686 ea
561 1628 696 1701 vetuisse,
711 1627 773 1700 quae
788 1628 822 1685 ab
836 1628 948 1689 auribus
963 1639 992 1685 et
1004 1629 1127 1705 cogitatu
1140 1629 1291 1697 hominum

107 1725 205 1785 abesse
220 1726 345 1800 alioquin
357 1727 433 1787 velit.
475 1725 559 1792 Quod
573 1725 608 1783 de
623 1725 822 1785 Sacerdotibus
835 1725 1003 1793 insinuatur,
1018 1745 1081 1783 earn
1096 1727 1219 1802 postulat
1231 1730 1290 1786 ani·
1360 1737 1362 1745 ’

107 1820 342 1897 maduersioneur,
357 1822 517 1881 Ecclesiam
535 1823 722 1881 sanctissimis
736 1833 765 1880 et
777 1822 969 1880 severissimis
981 1823 1172 1880 sanctionibus
1187 1842 1290 1898 praees·

107 1920 181 1979 visse
203 1939 239 1978 ne
262 1939 296 1978 ea
317 1918 448 1979 censione
471 1920 576 1992 aliquid
601 1920 770 1993 admittatur,
794 1921 864 1980 adeo
886 1922 987 1993 utqui
1007 1933 1085 1980 tanto
1108 1941 1139 1979 se
1161 1921 1290 1998 ligaverit
1376 1940 1379 1945 ·

106 2017 221 2101 scolare,
236 2018 334 2094 procul
348 2019 382 2074 ab
396 2017 527 2098 altaribus
540 2019 678 2094 perpetub
693 2037 758 2077 esse
767 2018 875 2095 Jubeat
870 2024 890 2053 ι

147 2113 215 2194 obj.
231 2119 260 2173 6.
282 2114 457 2191 Mouasteria
470 2113 635 2181 monialium
653 2133 801 2191 perperam
816 2115 845 2172 ιιι
860 2115 1014 2173 sanctitatis
1028 2114 1190 2192 exenrplum
1206 2104 1291 2175 addu

108 2222 215 2293 cuntur,
227 2231 314 2286 quum
329 2214 386 2271 sint
400 2213 575 2288 plerumque
579 2212 711 2287 vitiorum
723 2213 847 2282 senuna,
859 2212 936 2293 qnod
950 2213 1090 2290 Episcopi
1109 2215 1289 2309 Pistojensis,

109 2309 250 2388 Scipionis
265 2312 357 2399 Ricci,
372 2312 534 2371 testimonio
547 2312 689 2387 probatur.

143 2407 235 2487 Respa.
257 2392 378 2481 Constat
391 2408 561 2471 Monialium
573 2409 699 2466 caenobia
709 2409 918 2467 sanctissimum
928 2372 964 2467 ob
976 2410 1063 2467 finem
1074 2423 1175 2477 erecta,
1186 2381 1290 2471 sanctis

103 2507 169 2585 regi
176 2505 322 2571 institutis,
334 2505 466 2562 virtutum
481 2505 565 2562 etiam
579 2503 719 2580 exemplis
729 2505 841 2577 ornari:
865 2503 978 2575 quod
955 2524 980 2561 ει
994 2505 1146 2577 aliqnando
1160 2526 1176 2563 a
1182 2508 1290 2575 semita

101 2598 275 2675 deflexerint
298 2602 450 2668 nonnulle,
473 2602 518 2659 vel
543 2600 748 2676 disciplinam
773 2613 831 2658 toto
849 2602 1026 2672 ,monasterio
1050 2602 1173 2663 relaxata
1197 2602 1289 2667 fuerit,

99 2699 276 2776 “corruptio
291 2699 390 2775 optimi
411 2697 563 2774 pessima’'
586 2697 722 2773 ploranda
734 2707 800 2757 est..
830 2696 973 2755 Oaeterum
989 2714 1051 2769 qua
1073 2697 1155 2777 Ricci
1175 2698 1291 2759 numius

96 2797 228 2876 vulgata
232 2805 298 2853 sunt
312 2815 328 2852 a
343 2794 387 2855 De
402 2795 508 2863 Potter,
524 2794 639 2857 homine
659 2793 790 2862 sublesta
811 2791 888 2860 fidei,
903 2792 1008 2850 nullam
1029 2793 1133 2852 habeut
1147 2795 1291 2853 anctorita-

91 2895 208 2963 tem3
199 2912 263 2989 ipse
277 2893 352 2955 enim
367 2892 447 2950 Ricci
463 2910 494 2949 se
488 2891 652 2984 Leopo'ldo
664 2891 788 2948 Tusciae
792 2889 927 2953 Areiduci
942 2891 1072 2981 praestitit
1086 2893 1245 2968 ministrum
1262 2893 1291 2951 in

85 2986 136 3075 lis
152 2981 218 3065 quoe
233 3008 382 3069 aggressus
396 2999 446 3046 est
453 2999 550 3047 contra
562 3006 642 3047 sacra
653 2972 789 3067 instituis.
831 2988 940 3053 Mimm
954 3007 1010 3046 nou
1025 3001 1069 3046 est
1082 3009 1132 3048 eos
1148 2990 1199 3063 qui
1219 2990 1291 3066 inju-

90 3091 175 3154 riam
187 3072 287 3167 volunt
300 3086 412 3155 inferre,
424 3105 523 3147 causas
535 3098 670 3160 quarere,
680 3087 818 3159 fictasque
829 3105 881 3163 pro
892 3087 966 3145 neris
978 3087 1132 3145 uenditare.
1166 3087 1291 3159 Infelicis

88 3186 247 3266 episcopi,
274 3184 454 3254 Jaus'errianis
481 3184 589 3261 placitis
618 3183 887 3257 adhaerentisque
905 3202 998 3251 senex
1019 3183 1130 3263 tandem
1156 3170 1291 3250 deseruit,

86 3283 298 3359 testimonium
314 3281 349 3340 de
363 3281 485 3354 quodam
507 3300 567 3339 suae
581 3281 712 3339 diaecesis
733 3280 905 3346 monasterio
924 3299 982 3338 non
1004 3299 1040 3356 po
1043 3290 1105 3347 test,
1121 3281 1173 3336 etsi
1188 3280 1294 3341 consti·

85 3381 174 3461 -terit
186 3381 247 3457 ejus
262 3398 335 3455 esse,
350 3388 378 3436 et
391 3398 484 3467 rerum
499 3370 615 3436 veritate
628 3377 689 3444 uiti,
703 3377 831 3435 omnium
846 3377 892 3434 vel
913 3377 1111 3452 plerorumque
1130 3395 1180 3451 per
1194 3377 1290 3436 orbem

93 3478 343 3551 monasteriorum
358 3477 473 3552 integrae
487 3493 588 3534 nocere
603 3474 695 3533 f.amae
733 3473 801 3539 Quo
813 3472 906 3535 studio
920 3473 1053 3530 Ecclesia
1066 3491 1164 3531 eorum
1179 3475 1291 3562 puritati

95 3573 240 3655 invigilet
265 3593 302 3632 ex
330 3573 459 3650 plurimis
487 3562 657 3629 Pontificum
683 3568 1003 3641 summorumdecretis
1028 3555 1292 3648 liquem-specialis

95 3672 216 3757 quippe
229 3669 440 3746 Episcoporum
455 3668 609 3746 requiritur
629 3666 742 3725 licentia
755 3665 790 3724 ad
805 3664 1009 3723 Confessiones
1029 3665 1198 3727 Mouialiuut
1216 3669 1292 3727 exci-

95 3768 238 3849 piendas,
253 3786 306 3826 nec
321 3765 503 3823 Confessario
518 3775 595 3841 patet
607 3760 763 3840 ingressus,
778 3763 834 3821 nisi
848 3773 879 3821 ut
892 3763 1037 3840 aegrotanti
1049 3763 1212 3863 subveniat,
1227 3785 1292 3824 ana·
1365 3760 1368 3766 ’

101 3868 234 3930 minate
249 3864 469 3947 ingredientibus
484 3860 589 3935 absque
604 3863 686 3921 venia
700 3863 844 3921 intentato.
927 3884 931 3889 ·

127 3964 220 4055 obj.
235 3970 265 4053 7.
287 3962 441 4022 Pontifices
468 3961 573 4019 summi
595 3960 796 4037 quamplurimi
816 3959 896 4018 omni
918 3959 1087 4036 flagiticmur
1111 3979 1213 4037 genere
1244 3962 1310 4018 ob«

101 4062 209 4120 stricti
219 4042 302 4119 sunt:
328 4058 468 4135 Episcopi
491 4057 619 4133 plerique
640 4057 793 4114 sceleribus
816 4057 900 4112 etiam
926 4055 1081 4128 inquinati:
1108 4056 1290 4115 Sacerdotnm

100 4157 203 4234 palam
217 4154 439 4229 delinquentium
454 4151 603 4210 multitudo
617 4138 786 4210 dinumerari
802 4170 858 4229 non
874 4161 975 4227 potest,
988 4150 1060 4210 adeo
1069 4163 1101 4209 ut
1111 4151 1145 4208 de
1160 4151 1290 4209 omuibus

99 4255 147 4312 sit
160 4255 239 4332 justa
251 4252 412 4330 suspicandi
432 4251 520 4310 ratio:
542 4249 605 4307 laici
626 4251 769 4316 ebrietate
787 4224 900 4331 jurgiis,
922 4259 949 4323 qt
969 4249 1138 4309 facinoribus
1160 4248 1294 4306 omnibns·

97 4350 275 4425 plemmque
290 4360 355 4411 sunt
376 4346 511 4428 insignes.
537 4422 541 4429 ἱ
580 4372 583 4377 ’

485 4526 521 4586 (l)
540 4523 602 4572 Vide
614 4490 731 4572 Ecnodict
743 4494 808 4581 Xll'.
820 4484 924 4572 anstit.
962 4520 967 4530 ¹
