2738 5032
87 255 126 312 40
503 254 581 314 'DE
603 250 825 315 Hts'rottlcs

89 429 124 468 aa
137 413 255 471 scmtari
275 413 353 480 licet,
368 432 484 490 magnas
499 413 575 470 vices
596 408 732 471 subierint
743 424 860 477 necesse
874 418 928 471 est.
968 408 1044 471 Saue
1056 422 1150 469 rerunt
1171 409 1276 488 physi-

88 525 185 567 carum
199 510 365 586 peritissimi
379 509 509 567 homines
523 509 619 567 omnia
632 508 821 583 phoenorffla
830 504 964 582 explicari
977 525 1062 583 posse
1073 506 1272 575 ostenderunt,

87 604 199 663 etiamsi
213 616 287 663 terra
301 583 357 665 noir
372 617 435 663 ante
450 625 501 663 sex
521 604 612 670 millia¹
630 623 765 665 annorum
780 604 909 661 extitisse
922 602 1057 661 credatur.
1097 603 1130 661 ld
1151 604 1274 680 insuper

87 699 162 759 haud
176 704 402 779 praetereundum
417 703 563 780 geologica
572 712 726 778 systemata
740 701 809 759 adeo
823 719 886 757 esse
895 700 1009 767 incerta,
1021 711 1052 758 ut
1066 700 1151 773 quod,
1163 719 1272 778 magno

87 797 212 857 scientiae
226 810 369 876 apparatu.
383 812 446 857 ants
458 817 563 875 paucos
578 816 666 855 annos
681 796 860 873 proposuerit
872 795 1070 854 celeberrimus
1081 795 1218 871 Curios,
1206 816 1270 874 jam

83 913 100 951 a
107 894 255 971 plerisque
269 895 420 954 deseratur
423 901 434 931 ²

40 1008 43 1013 ’
132 991 200 1070 Odj.
214 997 243 1050 2.
267 993 372 1061 Graeci,
388 992 533 1069 AEgyptii,
547 990 696 1058 Sinenses,
710 1001 739 1047 et
751 991 878 1067 plerique
899 991 998 1066 populi
1011 1009 1077 1048 suas
1091 989 1274 1063 antiquitates

87 1088 122 1147 ad
136 1099 248 1165 tempus
264 1090 392 1149 Mosaios
406 1090 516 1167 epocha
529 1089 583 1147 orti
596 1087 720 1146 heminis
734 1088 818 1164 longe
833 1088 910 1164 prius
925 1087 1057 1145 referunt.

95 1262 98 1268 1
126 1183 215 1263 Resp.
232 1185 351 1244 Nullum
362 1187 561 1256 documentum
572 1195 655 1243 tantae
666 1184 836 1255 antiquitatis
848 1183 965 1260 proferri
976 1193 1079 1260 potest,
1090 1183 1168 1240 itaut
1178 1182 1272 1243 doctis

87 1282 249 1341 hominibus
263 1284 440 1360 exploratum
457 1283 666 1360 jamhabeatur
685 1280 760 1353 quod
777 1281 863 1338 Varro
877 1281 945 1338 olim
966 1281 1129 1348 affirmabat,
1143 1280 1218 1339 nihil
1237 1283 1271 1340 in

89 1380 191 1440 Graeca
204 1381 321 1439 historia
334 1392 440 1440 certum
455 1399 519 1438 esse
534 1389 599 1454 ants
611 1378 768 1467 majanum
783 1377 988 1451 bellum,*quod
1010 1379 1147 1436 Mosaiois
1161 1388 1274 1456 tempo*

82 1480 164 1539 ribus
185 1481 317 1539 tercentis
337 1482 419 1554 anuis
439 1480 581 1556 posterius
597 1468 663 1553 'est'
696 1478 901 1555 AEgyptiorum
922 1477 1101 1550 antiquitates
1126 1478 1170 1536 bis
1191 1479 1272 1537 mille

88 1594 178 1633 annos
193 1575 267 1632 haud
278 1576 414 1634 excedere
427 1560 577 1633 testabatur
586 1571 776 1651 suotempore
787 1574 968 1632 doctissimus
979 1574 1025 1631 ille
1036 1574 1166 1650 scriptor.
1198 1575 1273 1642 Quas

88 1672 124 1731 de
138 1673 338 1731 vetustissimis
352 1675 525 1752 temporibus
540 1674 693 1731 retulerunt
711 1683 838 1749 auctores
858 1672 969 1748 profani
983 1672 1144 1730 auctoritate
1164 1683 1271 1742 carent,

88 1772 196 1848 quippe
210 1791 274 1844 quae
288 1773 393 1846 absque
408 1773 571 1850 probatione
586 1792 602 1828 a
616 1771 798 1846 scriptoribus
812 1771 896 1846 longe
914 1770 1115 1829 recentioribus
1129 1769 1272 1840 dicuntur,

87 1887 209 1942 quaque
223 1869 322 1928 sabulae
337 1871 462 1946 speciem
484 1887 544 1945 prae
564 1886 595 1924 se
610 1864 711 1923 serunt.
753 1865 926 1935 Herodotus,
937 1867 986 1939 qui
1000 1866 1100 1925 merito
1120 1877 1200 1944 pater
1212 1867 1272 1925 his·

87 1966 165 2026 toriae
190 1963 316 2044 prot‘anae
329 1967 455 2032 habetur,
471 1965 548 2022 mille
569 1964 651 2020 annis
672 1963 756 2020 Mose
776 1964 915 2039 posterior
928 1975 981 2022 est.
1023 1964 1080 2030 Qui
1100 1963 1268 2023 Sinsusiur'n

88 2063 192 2140 scripta
206 2071 445 2133 monumentaque
460 2060 673 2136 investigarunt,
688 2078 740 2135 pro
753 2069 898 2134 comperto
912 2060 1016 2118 habent
1028 2079 1078 2117 eos
1092 2069 1198 2118 oerum
1214 2051 1273 2119 llis·

87 2159 189 2216 toriam
208 2159 281 2218 ultra
300 2158 477 2233 octingentos
503 2174 592 2217 anuos
613 2168 676 2213 ante
698 2154 845 2213 Christum
869 2164 965 2214 uatum
990 2156 1186 2214 retro-trahere
1210 2175 1268 2215 non

88 2273 184 2332 posse.
226 2230 395 2325 Consumtis,
410 2254 464 2326 qui
479 2252 588 2329 primus
602 2272 646 2310 res
661 2254 695 2310 ab
715 2253 771 2310 illis
786 2263 878 2330 gestas
892 2254 1079 2329 conscripsit,
1085 2253 1199 2312 nonnisi
1214 2258 1271 2311 550

88 2361 152 2408 ante
168 2350 315 2412 Christum
331 2346 434 2420 floruit,
449 2361 478 2408 et
491 2342 563 2408 ultra
576 2350 712 2408 ducentos
724 2363 813 2408 annos
825 2361 902 2408 certa
912 2360 1040 2426 tempora
1052 2351 1088 2409 iis
1101 2370 1168 2425 quae
1179 2350 1277 2423 retulit

88 2447 235 2524 adsignare
250 2448 323 2506 haud
338 2448 434 2506 valuit.

131 2543 198 2624 obj.
215 2551 243 2604 3.
266 2546 485 2604 Observationes
496 2545 686 2602 Atronomicae
704 2544 777 2620 apud
793 2487 954 2612 Chaldaeos,
967 2544 1156 2621 Babylonios,
1171 2545 1276 2603 Sinen·

87 2655 146 2711 ses,
156 2642 283 2715 aliosque
292 2644 414 2720 populos
426 2643 503 2703 saotae
507 2641 706 2718 ,periodique'
699 2652 829 2709 inventae,
839 2641 969 2699 homines
981 2641 1142 2717 persaecula
1150 2641 1273 2718 plurima

88 2750 153 2799 ante
176 2740 314 2819 epocham
339 2740 498 2800 Mosaicam
521 2739 627 2801 vixisse
652 2738 818 2796 ostendunt:
860 2737 999 2796 Zodiacus
1024 2739 1140 2814 insuper
1161 2726 1281 2797 Denda-⁴

88 2838 179 2912 rqnsis
194 2848 222 2895 et
236 2837 383 2895 Hennaeus
398 2837 427 2894 in
442 2836 584 2913 AEgypt0‚
596 2855 641 2892 an.
657 2838 742 2902 1798,
756 2835 860 2914 reperti
873 2834 901 2891 id
916 2835 1077 2902 conficiunt,
1092 2854 1158 2893 nam
1173 2834 1278 2894 Solsti··

87 2934 158 2992 tium
170 2935 301 2992 oestivum
317 2935 399 3010 signo
414 2931 504 2992 leonis
520 2933 566 2990 ille
581 2932 685 3000 tribuit,
697 2933 814 3008 virginis
828 2928 894 2988 vend
909 2931 1027 3004 hicaqui
1041 2930 1159 3007 proinde
1171 2931 1275 3008 sculpti

89 3029 202 3088 dicendi
223 3040 289 3087 suut
309 3032 457 3088 innumera
477 3041 541 3087 aute
562 3031 673 3096 saecula,
689 3030 840 3088 solstitium
861 3029 969 3104 quippe
987 3030 1040 3086 sub
1058 3028 1143 3106 signo
1158 3028 1280 3096 Canen,

89 3125 166 3200 quod
179 3125 465 3201 quadragintatrihus
480 3108 611 3200 gradihus
627 3144 643 3181 a
656 3125 737 3181 leone
752 3124 849 3191 distat,
860 3143 935 3181 nunc
948 3125 1093 3200 contingit.

127 3223 217 3302 Resp.
241 3223 335 3281 Nuttae
350 3234 415 3279 sunt
428 3222 638 3279 observationes
653 3216 857 3279 Astroudmieae
873 3241 934 3294 quas
950 3232 1053 3280 tantam
1067 3222 1122 3279 sibi
1133 3221 1280 3281 vindicant·

88 3324 281 3398 antiquitatem
292 3334 303 3389 3*
323 3321 452 3393 quamvis
469 3321 570 3378 mirum
586 3314 767 3380 non'foretsi
781 3335 878 3377 eorum
893 3320 942 3392 qui
953 3321 987 3378 ab
998 3321 1078 3378 initio
1085 3320 1188 3387 ‚mundi
1198 3321 1279 3379 vire·-

88 3429 154 3480 iunt
176 3419 397 3485 observationes,
413 3416 603 3474 monumentis
627 3416 720 3474 sorsan
743 3416 900 3492 insculpta,
921 3437 974 3475 neo
995 3417 1065 3492 ipsis
1080 3416 1183 3474 diluvii·
1192 3419 1276 3490 aqui

90 3517 200 3586 deleta,
212 3524 405 3593 superessent.
447 3512 491 3570 Ad
506 3512 636 3588 periodos
649 3524 742 3570 autem
756 3513 935 3585 calculosque
947 3520 1046 3571 omues
1058 3512 1133 3585 quod
1145 3514 1277 3589 pertinet,

89 3625 298 3690 componuntur
313 3612 408 3673 hahita
420 3611 526 3668 ratione
549 3611 787 3678 observationum,
802 3611 871 3682 quin
882 3611 945 3682 quis
960 3621 1049 3672 toturn
1064 3611 1200 3686 temporis
1214 3629 1280 3687 spa·

90 3712 161 3770 tium
186 3712 362 3788 percurrerit.
404 3709 546 3773 Caeterum
569 3728 656 3781 quum
682 3710 737 3792 vita
762 3708 909 3773 hominum
934 3708 1014 3766 valde
1035 3720 1111 3767 esset
1134 3691 1277 3777 diuturna,

90 3806 300 3868 observationes
312 3818 340 3865 et
350 3808 450 3865 calculi
464 3807 645 3865 astronomici
659 3807 790 3863 facillime
805 3807 866 3864 fieri
876 3818 1017 3883 poteraut,
1032 3807 1189 3883 praesertim
1203 3808 1278 3865 coelo

75 3904 293 3983 ›serenot3qnali
314 3894 476 3976 fruebantur
490 3902 619 3960 Clialdaei
633 3903 736 3974 aliique
752 3903 920 3961 Orientales.
963 3900 1065 3963 Nullas
1080 3914 1174 3962 tamen
1186 3902 1278 3963 Chal·

89 4003 215 4081 dzorum·
226 4001 269 4059 vel
279 4000 502 4077 Babyloniorum
513 4000 793 4077 observationes'quz
803 4020 891 4059 annos
898 4006 956 4060 727
965 4013 1030 4060 ante·
1038 4002 1186 4060 Christum
1195 4004 1278 4061 attiu-

89 4109 177 4177 gunt,
193 4107 332 4156 noverunt
357 4097 433 4154 docti
453 4097 593 4155 homiues.
636 4097 753 4154 Zodiaci
775 4109 867 4156 autem
890 4100 939 4170 qui
964 4097 1140 4162 inmanium
1163 4099 1279 4158 adducti

89 4206 165 4264 sunt,
180 4196 240 4271 jam
255 4194 418 4270 posterioris
434 4194 522 4270 Ztatis
537 4204 740 4271 agnoscuntur:
763 4214 815 4252 nec
830 4197 905 4255 enirn
920 4207 1028 4255 constat
1041 4196 1161 4255 solstitia
1175 4198 1277 4255 oesfiva

89 4293 146 4353 illis
161 4292 250 4370 signis
264 4290 361 4358 tribui,-
374 4291 503 4363 quamvis
517 4311 614 4349 revera
625 4322 628 4327 ,
639 4295 713 4348 1322
734 4294 814 4350 annis
832 4304 895 4351 ante
910 4293 1056 4352 Chrlstum
1072 4295 1132 4354 sole
1145 4296 1176 4353 in
1189 4295 1274 4354 leone

89 4391 207 4452 steterit.
241 4389 345 4461 ,Quum
365 4389 444 4458 libra,
469 4391 591 4462 antiquis
614 4391 763 4468 AEgyptiis
779 4392 883 4470 ignota,
902 4393 1068 4470 intersigna
1081 4402 1273 4462 recenseatur,

122 4623 159 4685 (1)
170 4621 233 4672 Vide
245 4619 358 4671 Examen
365 4620 408 4670 des
415 4619 548 4678 Questious
556 4621 726 4688 Scicntifiquos
735 4639 779 4688 par
788 4622 918 4685 Foriehou,
926 4641 949 4690 p.
959 4624 1006 4675 104
1014 4623 1040 4674 dr
1050 4624 1104 4674 176.
1119 4618 1200 4686 Paris,
1207 4625 1278 4677 18³7.

123 4738 130 4753 .
163 4710 210 4769 se,

121 4774 137 4809 ⁹
219 4834 221 4840 .
