2738 5032
385 262 444 323 DE
465 261 638 359 Pn'rttuut
660 258 970 322 nuououl'rn'ru.
1211 265 1270 324 487

90 421 234 499 scriptoris
255 433 500 498 componerentur.
542 420 610 481 Sive
630 420 715 497 igitur
727 420 798 477 falso
819 420 892 487 zelo,
907 421 968 478 sive
988 418 1094 488 frande,
1110 421 1170 478 sive
1190 439 1269 491 casu,

90 502 200 577 mentffi
213 518 259 576 vel
272 519 379 577 lacunae
389 518 572 585 occurrerint,
585 526 679 574 textus
697 517 851 593 integritas,
866 517 973 575 collatis
988 517 1142 586 codicibus,
1158 529 1186 576 et
1198 518 1269 576 locis

87 614 181 672 dubiis
202 634 267 674 cnm
287 616 370 673 certis
385 616 506 673 auctoris
520 613 678 681 sententiis,
698 611 869 671 restituenda
883 624 936 673 est.
977 613 1120 672 Ceterum
1135 633 1192 672 non
1206 615 1271 674 ideo

90 720 180 768 totum
200 729 273 787 opus
294 720 398 769 temere
419 710 614 787 rejiciendum,
634 709 790 785 prasertim
810 710 836 766 si
855 720 1007 786 suppetant
1026 710 1140 768 codices
1164 711 1272 784 antiqui

88 809 204 885 optime
217 819 301 876 nota,
317 810 361 867 vel
374 810 542 886 scriptomm
557 807 735 880 antiquorum
755 808 924 876 testimonia,
938 811 1093 883 exquibus
1109 830 1173 869 vera
1186 811 1270 870 lectio

88 914 212 965 erunttnr.

647 1095 764 1110 ῃ

284 1226 323 1284 0.
346 1224 414 1284 XII.
449 1224 504 1282 DE
527 1222 833 1285 nuu'rolrlun'rls
854 1224 1073 1284 METHODO.

126 1386 175 1445 Ex
195 1385 241 1444 lris
260 1402 324 1459 qne
344 1384 375 1442 in
394 1383 482 1441 tri'uns
503 1381 548 1439 his
568 1384 728 1442 tractatibus
749 1383 963 1461 disputavimus,
978 1383 1068 1456 liquet
1087 1382 1185 1442 tndem
1205 1401 1270 1442 nos-

88 1493 159 1542 tram
179 1501 215 1540 es
232 1487 343 1540 tanturn
362 1479 503 1555 respicere
525 1497 587 1552 quae
608 1498 625 1536 a
645 1479 708 1538 Deo
726 1480 847 1539 revelata
866 1490 941 1548 sunt,
956 1480 1156 1538 revelationem
1177 1489 1271 1540 autem

88 1580 171 1638 nobis
198 1579 384 1643 innotescere,
410 1575 527 1633 docente
555 1575 697 1643 Ecclesia,
723 1576 786 1634 Deo
810 1576 928 1634 interius
951 1577 1108 1636 illustrante
1134 1585 1270 1646 mentem,
1348 1626 1354 1631 .

91 1686 122 1736 et
134 1675 297 1736 Ecclesiam
310 1670 502 1732 commendari
516 1671 628 1730 indiciis
643 1673 755 1732 celestis
777 1674 892 1749 originis
915 1673 1016 1747 quibus
1030 1673 1156 1751 effulget.
1197 1673 1273 1733 Tota

40 1820 52 1855 ·.
86 1774 172 1852 igitur
184 1770 252 1831 fidei
266 1774 336 1830 ratio
351 1769 455 1847 pendet
474 1788 511 1827 ex
530 1760 708 1828 auctoritate:
731 1788 784 1833 nee
804 1788 925 1829 examen
946 1772 1106 1830 necessario
1127 1771 1269 1849 praecedit,

88 1871 219 1947 quamvis
239 1879 402 1947 argumenta
417 1886 468 1925 seu
481 1866 593 1925 motiva
609 1866 809 1926 credibilitutr‘s
830 1868 971 1945 ejusmodi
990 1869 1049 1927 siut
1068 1888 1131 1943 quae
1151 1869 1271 1930 severis·

87 1970 193 2029 nimum
215 1968 382 2028 scrutinium
406 1966 545 2024 sustinere
569 1965 687 2023 valeant.
726 1965 878 2034 “Fides’'
904 1967 996 2041 inquit
1009 1967 1041 2025 S.
1064 1967 1190 2026 Basilius
1214 1968 1271 2037 M..

88 2076 192 2146 praeeat
204 2085 238 2125 ac
251 2064 334 2124 ducat
353 2083 499 2122 sermones
513 2062 549 2121 de
571 2063 645 2131 Deo,
659 2063 731 2120 fides
745 2074 774 2122 et
787 2083 844 2123 non
858 2064 1077 2124 demonstratio:
1099 2064 1171 2124 fides
1186 2084 1273 2143 supra

87 2164 237 2225 rationales
251 2160 400 2221 methodos
417 2162 539 2218 animam
553 2159 589 2217 ad
603 2179 749 2218 assensum
770 2160 892 2221 uehens.
914 2163 932 2197 ³¹*
951 2163 969 2199 ¹*
988 2164 1015 2221 *.
1056 2162 1097 2221 Et
1108 2180 1193 2221 nemo
1206 2163 1272 2222 sub·

86 2273 187 2323 sannet
206 2277 377 2327 sermonem,
392 2269 535 2331 tamquam
557 2259 625 2315 citra
646 2259 884 2331 examinationem
904 2258 938 2316 ad
957 2277 1056 2319 eornm
1070 2278 1133 2334 quse
1148 2260 1270 2320 dicimus

88 2379 247 2429 assensum,
262 2360 403 2417 auditores
418 2356 583 2418 inducamus
597 2375 715 2414 necesse
735 2366 779 2414 est
799 2357 874 2435 enim
889 2357 982 2416 omnis
996 2357 1153 2437 discipline
1168 2358 1272 2437 princi·

89 2457 138 2534 pia
156 2455 327 2515 discentibus
349 2454 419 2510 citra
438 2452 645 2510 contentionem
666 2453 822 2529 inexpensa
836 2464 864 2511 et
877 2472 1013 2512 concessa
1033 2473 1097 2514 esse
1118 2458 1135 2494 *
1154 2458 1172 2494 ¹*
1192 2459 1209 2494 *
1228 2458 1272 2517 sin

86 2572 156 2613 sane
170 2553 254 2610 etiam
269 2550 435 2626 Theologiae
458 2546 625 2624 mysterium
647 2568 795 2608 assensum
810 2569 846 2608 ex
868 2550 924 2608 fide
945 2553 1014 2608 citra
1032 2554 1271 2614 examinationem

86 2648 251 2726 requirit.”¹
291 2645 492 2713 Accusamus
512 2634 761 2721 solet,‘Angelicus
784 2646 892 2704 Doctor
913 2648 1083 2715 auctoritatis
1105 2650 1217 2725 pondus
1240 2653 1271 2712 in

86 2768 118 2809 re
132 2746 310 2822 'l'heologica
322 2743 454 2821 exponit:
475 2751 494 2778 ‘⁶
504 2744 689 2823 argumentari
701 2762 740 2801 ex
754 2743 915 2801 auctoritate
929 2755 973 2801 est
986 2744 1110 2803 maxime
1124 2748 1270 2825 proprium

88 2847 174 2923 hujus
188 2844 331 2910 doctrine,
346 2861 381 2901 eo
395 2841 471 2915 quod
485 2841 720 2916 principiahnjus
733 2839 869 2909 doctrinae
883 2841 1146 2919 perrevelationem
1166 2845 1271 2906 haben·

87 2952 142 3001 tur.
181 2942 222 3001 Et
234 2940 276 2998 sic
287 2947 408 3016 oportet,
423 2935 499 3010 quod
512 2935 640 2997 credatur
654 2936 808 2995 auctoritati
822 2956 920 2995 eorum
935 2937 1036 3009 quibus
1052 2940 1185 3000 revelatio
1198 2942 1271 3001 sacta

48 3056 52 3063 ‘
87 3050 141 3099 est.
184 3037 313 3097 Nechoc
327 3035 443 3111 derogat
456 3034 584 3111 dignitati
598 3033 682 3110 hujus
697 3033 839 3092 doctrina.
882 3035 968 3102 Nam,
982 3037 1141 3096 licetlocus
1156 3042 1190 3099 ab
1206 3061 1270 3101 auc·

81 3137 208 3203 tonitam,
234 3152 296 3207 quar
321 3130 451 3188 fundatur
475 3148 560 3205 super
582 3129 689 3187 ratione
714 3129 847 3198 humana,
869 3131 908 3188 sit
932 3132 1160 3204 infirmissimum
1188 3137 1268 3196 locus

88 3242 183 3290 tamen
204 3230 238 3288 ab
258 3227 418 3286 anctoritate
433 3244 495 3299 quae
509 3223 638 3283 fundatur
658 3243 744 3301 super
764 3226 933 3284 revelatione
952 3227 1056 3297 divina,
1071 3239 1115 3287 est
1134 3231 1269 3290 efficacis-

88 3327 212 3389 simus”’'

129 3425 286 3491 Auctoritas
308 3421 390 3481 nobis
411 3419 520 3479 ridetur
539 3419 610 3477 ratio
629 3419 807 3497 concipiendi
827 3418 923 3488 fidem,
944 3439 1065 3480 examen
1094 3424 1170 3483 enim
1191 3425 1268 3499 qnod

88 3525 158 3591 ratio
185 3521 313 3588 instituit,
341 3533 454 3596 tempus
479 3515 650 3582 diuturnum.
676 3516 774 3583 utinm.
802 3517 909 3594 ingenii
935 3519 1019 3587 vires,
1048 3530 1076 3578 et
1102 3521 1267 3582 cruditionis

89 3622 201 3698 copiam
225 3618 355 3696 postulat,
377 3628 405 3673 et
424 3615 454 3672 in
473 3613 592 3672 incertas
617 3613 721 3671 desinit
744 3610 906 3672 sententias.
948 3614 1028 3692 Opus
1053 3617 1138 3694 igitur
1158 3630 1218 3679 erat
1235 3631 1268 3679 ut

88 3717 221 3776 revelatio
235 3714 395 3773 auctoritate
415 3712 611 3776 innotesceret,
625 3721 657 3768 ut
669 3709 799 3767 homines
814 3729 831 3766 a
844 3711 947 3769 teneris
967 3713 1057 3781 annis,
1073 3724 1100 3772 et
1113 3715 1266 3778 litterarum

89 3815 184 3882 rudes,
196 3824 224 3873 et
237 3813 351 3890 ingenio
364 3827 463 3887 parum
477 3807 612 3875 valentes,
626 3808 700 3867 sicut
712 3818 740 3865 et
753 3808 800 3865 alii
814 3807 924 3866 dotibus
939 3809 1064 3887 insignes
1077 3822 1182 3875 certam
1196 3816 1266 3874 veri·

89 3922 177 3971 tatum
191 3929 261 3984 quas
285 3908 341 3966 fide
367 3916 461 3965 tenere
485 3903 589 3962 debent
611 3902 992 3980 notitiam‚adipiscerentur.
1033 3905 1093 3984 lpsi
1107 3911 1264 3969 auctoritati

88 4010 201 4070 docenti
219 4009 318 4066 firmus
338 4015 366 4062 et
386 4003 487 4082 plenus
507 4001 587 4059 datur
605 4019 749 4070 assensus,
764 4020 821 4060 non
841 4012 936 4061 tamen
955 4005 1070 4064 rationis
1084 4025 1264 4087 quocumque

88 4107 230 4173 examine,
243 4116 276 4164 ut
294 4103 376 4162 nobis
395 4100 514 4167 videtltr,
529 4098 662 4158 innixus:
684 4116 749 4156 nam
773 4100 896 4159 incertus
918 4099 990 4157 foret
1008 4109 1037 4158 et
1058 4102 1164 4163 ordinis
1186 4102 1265 4165 nstit-
1317 4148 1319 4153 -

88 4207 155 4266 ralis
176 4221 308 4262 assensus
328 4199 455 4259 rationis.
496 4196 560 4254 Nee
580 4214 718 4254 cecorum
738 4197 827 4256 instar
848 4196 994 4270 sequimur
1023 4197 1182 4268 ducentem,
1209 4222 1263 4262 nec

90 4303 191 4362 rationi
204 4298 404 4359 valedicimust
419 4293 470 4353 sed
483 4293 616 4353 divinitus
630 4292 758 4351 illustrati
772 4292 942 4370 percipimus
957 4292 1059 4355 divina
1072 4297 1187 4374 originis
1201 4301 1263 4372 qui-

90 4402 143 4461 bus
157 4396 274 4477 effulget
284 4394 332 4453 illa
345 4392 492 4451 auctoritas
506 4389 618 4457 indicia,
634 4407 696 4462 quae
710 4407 829 4448 examen
843 4389 1053 4450 severissimum
1070 4393 1220 4467 patiuntur,
1234 4405 1263 4454 et

90 4492 283 4579 omnimodam
304 4488 498 4551 certitudinem
518 4504 615 4563 parere
635 4494 792 4545 natarunt.
833 4486 963 4546 Examen
983 4505 1078 4547 revera
1097 4489 1262 4568 plerumque

358 4600 650 4665 (transtuleram.

283 4690 294 4723 l
356 4678 763 4767 (mmmmipmetutpfit
793 4682 984 4759 Admenndum.
