2738 5032
491 126 548 187 DE
570 123 843 187 TRADl'l'lONE.
1198 134 1256 191 Μ

68 285 164 345 solum
184 286 373 363 Presbyteris,
387 284 439 345 sed
456 286 543 345 ctiam
564 282 711 363 Aposto'lis
724 285 880 344 existentes
891 287 1099 363 'mpientioren
1114 287 1254 347 sincerum

72 384 214 445 invenisse
228 385 382 452 veritatem,
397 383 552 461 Apostolos
565 394 660 441 autem
673 380 861 441 admiscuisse
872 400 907 441 ea
919 402 983 457 quc
997 396 1064 444 sunt
1076 384 1178 462 legalia
1192 384 1255 443 Sul·

70 480 174 541 mnrir
192 479 333 539 verbis.”²
373 480 479 554 Liquet
496 478 645 539 hereticos
666 476 830 555 hujusmodi
853 478 1032 539 traditionem
1054 480 1253 558 explicationis

69 576 276 655 Scriptum
290 579 379 656 gratia
391 597 449 637 non
462 576 643 636 adhibuissc:
666 594 760 635 veram
771 586 866 635 auteur
876 574 966 637 luisse
976 577 1155 639 traditionem
1166 598 1253 653 quam

69 673 156 734 reluti
179 685 292 735 scutum
318 674 541 752 impenetrabile,
557 691 615 747 quo
626 682 657 731 et
669 672 734 750 ipsu
753 672 899 750 Scriptura
918 672 1115 742 vindicaretur,
1129 676 1254 736 lrenaeur

67 770 125 829 illis
146 771 295 848 opposuit.
336 770 562 831 “Traditioncm
582 770 676 844 itaque
696 769 900 847 Apostolorum
915 770 946 829 iu
959 779 1018 829 toto
1038 770 1146 833 mundo
1164 775 1254 836 muni·

66 866 196 927 fernum
208 867 328 927 inomni
341 868 474 927 Ecclesia
484 866 565 927 odeat
576 866 739 944 perspicere
751 866 885 925 omnibus
896 867 946 940 qui
956 884 1023 925 verr
1032 867 1251 929 relintaudire.¹

66 963 107 1025 Et
124 965 200 1023 serie
220 964 432 1043 Episcoporum
445 965 476 1024 in
496 963 630 1023 Ecclesia
649 963 780 1025 Romana
798 964 947 1032 recensita,
960 964 1128 1041 subiungit:
1152 965 1253 1025 “Hac

63 1062 243 1125 odinatione
256 1074 285 1123 ct
297 1065 481 1125 successione
496 1082 532 1123 ea
544 1082 608 1137 qun
619 1073 668 1123 cst
678 1064 714 1123 ab
730 1063 878 1140 Apostolis
891 1063 923 1123 in
942 1062 1075 1126 Ecclesia
1087 1062 1210 1131 traditio,
1224 1076 1255 1125 et

64 1161 192 1221 veritatis
204 1163 386 1239 praeconiatio
399 1162 627 1239 perveniturque
637 1159 673 1219 sd
683 1179 747 1221 nos.
768 1161 810 1219 Et
817 1170 863 1219 est
875 1160 1044 1237 plenissima
1053 1159 1250 1227 hoecmtensio

62 1276 153 1321 unum
165 1268 195 1317 et
214 1259 333 1319 condem
348 1259 558 1319 vivificatricem
577 1257 665 1317 fidem
685 1276 750 1317 esse
763 1258 871 1330 quoin
891 1257 1025 1317 Ecclesia
1044 1258 1079 1315 ab
1099 1256 1248 1335 Apostolis

62 1374 157 1431 uque
170 1376 246 1417 nunc
259 1358 298 1416 sit
309 1367 475 1417 conservata
486 1366 516 1415 ct
533 1355 634 1415 tradita
646 1356 676 1415 irr
691 1355 854 1415 rcritste.”'
886 1355 1004 1417 Nollem
1019 1355 1133 1431 qualem
1148 1356 1262 1434 moga.

60 1454 134 1515 luant
144 1455 269 1515 humori
280 1455 457 1515 traditionem
471 1455 502 1514 in
515 1454 647 1515 &alesia
654 1472 729 1522 sess,
739 1471 835 1513 veram
846 1463 875 1511 et
884 1453 1071 1519 indubitatum
1080 1442 1252 1533 appellando

64 1552 243 1613 auditionm
257 1553 384 1627 ostendit
394 1554 530 1613 lrcrrous.

103 1652 299 1712 Tertullianus
322 1653 425 1730 pariter
446 1653 563 1713 adsuuit
584 1670 680 1711 rcrrm
704 1650 894 1719 uaditiorrem,
908 1649 978 1711 durrr'
1004 1669 1055 1711 cos
1077 1653 1183 1713 refellit
1200 1654 1252 1727 qni

65 1768 167 1809 meane
186 1750 328 1825 quodam,
341 1769 378 1809 ne
390 1751 536 1828 Apostolis
551 1749 668 1824 quiden
680 1749 804 1827 cognita,
818 1747 966 1807 docebant.
1008 1758 1029 1785 ‘⁴
1041 1749 1143 1807 Solent
1155 1750 1260 1809 fflccre.

66 1849 135 1908 Nou
159 1849 256 1907 omnia
282 1849 436 1925 Apostolos
462 1849 600 1908 scisrc.”⁴
640 1849 698 1907 llis
723 1849 844 1925 opponit
863 1848 1026 1907 doctrinam
1052 1848 1251 1909 Ecclesiamm

63 1947 305 2023 Apostolicorum,
322 1955 429 2003 certam
451 1946 561 2003 scilicet
572 1956 603 2002 et
621 1956 716 2019 notam
737 1947 862 2003 veritatis
878 1947 1018 2022 regulam,
1037 1944 1204 2017 nonumque
1217 1946 1254 2003 dc

62 2041 221 2117 scripturis
234 2041 419 2113 questionem
430 2041 528 2099 haberi
540 2041 621 2098 vultr
643 2050 664 2077 ⁰⁶
676 2041 718 2098 lta
729 2049 761 2097 ct
773 2041 897 2099 hareses
911 2041 947 2100 dc
959 2052 1057 2099 nostro
1071 2040 1183 2111 iratior,
1192 2058 1261 2101 norr·

61 2146 163 2197 nostro
177 2155 291 2214 genere,
317 2137 440 2195 veritatis
453 2156 552 2215 grano,
573 2136 625 2195 scd
648 2136 797 2195 mendacio
818 2136 973 2196 siluestres.
1015 2138 1049 2197 si
1076 2139 1139 2197 brec
1159 2140 1199 2197 itu
1216 2158 1251 2201 se

61 2235 179 2303 habent,
193 2243 224 2293 ut
237 2234 339 2292 veritas
353 2235 436 2292 nobie
456 2233 640 2313 adjudicetur,
655 2234 828 2308 quicumque
847 2234 878 2293 in
900 2253 935 2293 en
957 2235 1056 2313 regula
1078 2236 1261 2305 incedimus:

61 2350 151 2406 qnam
166 2331 301 2395 Eoolcsia
319 2332 354 2389 alr
375 2320 532 2408 Apostolis,
546 2330 678 2415 Apostoli
691 2350 710 2389 s
722 2330 850 2399 Chrieto,
865 2331 999 2389 Christus
1017 2331 1112 2391 aDco
1126 2333 1249 2403 tradidit,

61 2430 254 2487 conmutatio
265 2428 402 2505 propositi
415 2428 515 2496 nostri,
526 2427 688 2487 definientis
697 2446 753 2487 oon
768 2446 834 2487 esse
847 2427 1036 2487 admittendos
1052 2430 1200 2489 hereticos
1214 2431 1256 2489 ad·

63 2525 215 2585 ineundam
229 2525 265 2583 de
279 2524 432 2601 scripturis
446 2526 685 2601 provocationem,
700 2544 773 2597 quos
786 2527 857 2583 sine
878 2526 1032 2601 Scripturis
1046 2528 1198 2602 probamus
1213 2527 1249 2585 cd

63 2621 227 2698 Scripturas
238 2640 294 2679 non
310 2620 497 2697 pertinere’*⁶
669 2670 672 2677 .
988 2622 991 2627 ’

107 2717 175 2797 eij,
203 2720 233 2777 e.
267 2717 474 2793 Scripturarurn
499 2715 644 2773 authentia
659 2716 822 2779 innotescit
854 2714 970 2788 quidem
1004 2714 1164 2785 traditione,
1192 2733 1258 2788 qus·

62 2814 173 2873 ratione
185 2822 216 2872 et
226 2814 320 2871 caetmi
333 2812 527 2890 librigerrnini
547 2820 758 2888 agnoscunmr:
778 2810 830 2868 sed
844 2811 907 2887 ejus
921 2809 1070 2887 inspiratio
1082 2809 1179 2871 diuina
1191 2810 1248 2869 lide

62 2920 175 2969 tenetur
184 2928 222 2969 cx
243 2910 368 2987 Spiritus
382 2909 479 2979 Sancti
490 2909 662 2967 testimonio.
699 2906 770 2969 ¹Hoc
783 2908 814 2966 in
827 2907 1014 2980 questionem
1027 2926 1129 2967 vorare
1143 2927 1260 2983 neque·-
1275 2912 1278 2917 '

63 3015 117 3066 urrt
141 3006 295 3075 Catholici,
309 3006 359 3081 qui
373 3006 534 3065 Ecclesiam
558 3024 597 3065 cx
620 3005 716 3083 gratie
737 3015 816 3065 motu
835 3024 868 3063 se
891 3004 948 3064 fide
970 3015 1065 3065 terrore
1089 3006 1196 3076 dicunt,
1210 3025 1249 3065 er

47 3103 258 3165 ‘eredibilitatis
272 3105 387 3163 motivis
400 3104 553 3163 humanam
567 3100 725 3162 derivantes
736 3103 961 3181 persuasionem.

103 3200 193 3280 Rcrp.
207 3202 275 3280 lpsa
286 3202 492 3280 Scripturarum
502 3203 650 3280 inspiratio
658 3201 805 3260 traditione
813 3202 989 3261 innotescere
998 3199 1118 3259 dicenda
1125 3210 1179 3267 cst,
1188 3216 1248 3257 cre·

61 3301 139 3360 ditur
152 3300 229 3359 eninr
241 3309 303 3358 ante
313 3319 408 3359 earum
417 3301 578 3359 lectionem.
593 3298 679 3366 Quod
687 3300 712 3356 si
723 3299 787 3372 quir
797 3298 910 3357 dicatae
922 3298 1056 3375 aspiritu
1070 3297 1176 3355 Sancto
1187 3314 1248 3355 nro-

20 3454 23 3459 .
61 3397 124 3459 seri
138 3396 174 3457 ad
187 3415 250 3456 eum
264 3396 322 3456 t'rde
335 3397 485 3457 nuendum
499 3398 583 3456 etiem
597 3406 662 3454 rrnte
675 3396 837 3458 lectionem,
849 3394 967 3461 utnulla
981 3394 1076 3453 habita
1089 3392 1245 3453 traditionis

63 3494 185 3563 radone,
198 3512 285 3553 nemo
297 3495 326 3552 oi
339 3494 441 3572 poterit
453 3493 653 3560 contradicere,
670 3511 759 3565 quum
780 3490 818 3549 de
829 3492 939 3549 areanis
953 3501 1060 3568 agatur.
1101 3488 1246 3551 Ceterum

61 3590 170 3653 divina
184 3590 336 3668 Sapientia
350 3609 507 3649 consonum
524 3590 586 3658 snit,
597 3599 629 3647 nt
638 3598 755 3647 externa
767 3582 897 3662 quadum
911 3596 939 3644 et
952 3585 1111 3644 certissima
1130 3586 1249 3663 inspira·

61 3686 150 3747 tionis
161 3685 266 3745 indicia
275 3682 415 3754 darentur,
429 3684 501 3747 adeo
514 3695 546 3744 ut
565 3686 673 3743 interna
688 3683 811 3760 Spiritus
826 3682 924 3741 Sancti
937 3683 1012 3739 actio
1024 3682 1151 3740 extemis
1160 3702 1246 3761 orgu-

27 3788 31 3793 ’
61 3784 167 3845 mentis
180 3783 373 3861 responderet,
393 3781 599 3843 necvideretur
619 3782 689 3842 fides
710 3801 775 3841 csse
796 3800 873 3839 mera
887 3781 981 3839 animi·
999 3779 1104 3839 illusio.
1146 3782 1251 3841 Tradi-

61 3883 170 3941 tioncm
184 3882 269 3958 igitur
289 3890 389 3939 testem
410 3881 597 3956 appellamus.
640 3880 705 3939 Neo
727 3878 795 3937 idco
817 3878 941 3955 Spiritus
965 3877 1062 3937 Sancti
1075 3896 1149 3955 opus
1169 3872 1255 3937 haud'

61 3979 253 4039 neemsorium
268 3988 409 4055 putamus,
424 3976 499 4050 quod
514 3978 706 4037 testimouium
720 3975 755 4033 de
775 3975 959 4051 inspiratione
982 3974 1180 4035 attendendum
1195 3977 1244 4040 sit,

519 4135 555 4194 (l)
573 4128 588 4182 l.
599 4133 633 4182 iii.
645 4148 666 4182 o.
678 4133 704 4182 ii.
800 4148 803 4153 ·

517 4218 554 4279 (2)
568 4234 588 4267 c.
596 4217 631 4267 iii.

517 4301 555 4363 (3)
568 4302 671 4352 Ibidem.

519 4385 555 4446 (4)
567 4386 582 4433 l.
593 4385 623 4434 de
634 4400 733 4448 precor,
744 4401 768 4433 rr.
779 4383 819 4432 22.

518 4470 553 4531 (5)
571 4468 634 4519 lbid.
645 4470 683 4519 ³7.
796 4486 799 4491 ·
