2738 5032
1192 196 1206 231 b

553 282 608 343 oc
632 282 792 344 umori.
1206 286 1281 367 ¹ar,

13 494 17 505 Ι
76 430 157 493 reddi
164 440 392 513 potestdenotat
402 442 719 511 scilicetauctoritatem,
727 441 802 516 quod
812 392 1302 551 liquetexparallelismoffl.

83 543 157 621 (lues,
169 556 217 614 vel
230 557 402 637 legislatol'e.
445 562 551 619 Tribus
572 563 657 640 igitur
676 560 695 621 J
696 561 751 619 urla
764 578 947 638 permansura
960 573 1030 630 erat,
1046 564 1188 639 precipua
1202 580 1269 635 qua·

82 641 138 707 dam
153 663 293 728 potestate
306 656 430 734 predita.
471 629 575 753 qsstpf
589 669 682 716 autem
697 656 874 737 adveniente,
887 659 1021 735 praeelaro
1033 658 1082 717 illo
1094 658 1165 726 viro,
1182 658 1267 717 totins

82 760 169 842 gentis
190 784 254 848 spe,
278 773 312 832 ad
338 795 403 834 eum
424 778 553 837 nationes
574 788 678 835 exterae
700 777 784 853 ellam
810 786 1058 854 congregarentur.
1076 777 1140 857 ejus
1161 775 1267 835 subditi
1348 852 1356 867 ἱ

81 867 208 942 imperio.
1316 866 1320 871 ’

21 952 39 989 *¹
76 1021 78 1031 ,
98 1010 101 1017 r
114 961 239 1025 Constat
252 966 378 1036 Judteos,
393 971 500 1028 eversis
515 970 739 1046 Hierosolymis,
754 989 869 1028 omnem
886 971 1031 1047 potestatis
1053 969 1180 1028 umbram
1199 968 1268 1028 ami·

80 1057 161 1128 risse,
179 1063 243 1123 nec'
259 1083 394 1137 umquam
416 1084 609 1144 recuperasse,
630 1079 655 1124 et
679 1068 805 1139 'tribuum
821 1067 1030 1151 distinctionem
1041 1132 1044 1137 ,
1056 1067 1178 1145 amplius
1193 1054 1267 1125 haud

80 1157 227 1233 amatam.
269 1161 360 1218 huten
374 1162 490 1235 quidem
497 1160 616 1245 Qum
626 1181 757 1221 eversum
772 1175 825 1230 est,
842 1163 962 1221 Sedecia
976 1164 1003 1221 in
1019 1164 1208 1241 captivitatem
1222 1162 1269 1220 ab·

79 1250 171 1322 ducto,
186 1255 238 1343 sed
253 1259 371 1334 captivis
385 1259 515 1332 quedam
529 1240 669 1341 adpersuit
683 1262 853 1319 auctoritatis
868 1262 974 1339 imago,
990 1273 1129 1334 quatenus
1145 1259 1268 1337 propriis

79 1351 227 1419 utebantur
239 1345 349 1432 legibus
360 1359 383 1424 ς·
402 1367 431 1413 et
444 1357 536 1415 soluta
547 1366 616 1434 'post
635 1356 673 1414 49
688 1376 777 1415 annos
792 1346 979 1434 captivitate,⁸
998 1358 1015 1415 J
1018 1357 1083 1417 uda
1098 1356 1186 1415 tribua
1198 1353 1269 1413 adeo

79 1448 207 1529 eminuit,
222 1459 255 1508 nt
266 1469 371 1510 nornen
385 1454 435 1511 toti
448 1453 557 1530 regioni
573 1454 708 1518 tribuerit,
721 1453 874 1532 Benjamin
888 1455 959 1513 tribu
974 1465 1003 1512 et
1016 1452 1146 1531 reliqulh
1158 1462 1269 1511 caetera·

79 1561 137 1603 rnur
159 1546 284 1628 tribuum
299 1547 376 1609 nullo
390 1550 505 1608 nomine
519 1549 638 1628 speciali
658 1550 810 1628 insignitis.
853 1549 939 1628 Apud
958 1570 1020 1621 eam
1035 1550 1177 1630 precipue
1192 1567 1271 1611 man·

79 1639 113 1698 sit
125 1651 254 1718 potestas
267 1663 410 1722 suprema,
419 1647 510 1704 'etiam
529 1646 715 1704 Assamoneis
728 1665 767 1704 ex
788 1646 859 1704 tribu
874 1643 946 1704 Levi
967 1647 1188 1714 dominantibus,
1202 1664 1269 1719 unm

80 1737 351 1799 acatione'dudaica
360 1760 394 1799 ea
409 1743 570 1819 reipublicae
583 1742 683 1810 somna,
696 1761 759 1815 quae
774 1742 940 1818 optimatum
956 1755 1009 1811 est,
1024 1744 1151 1803 instituta
1164 1728 1272 1814 suissi

79 1831 164 1894 duces
179 1835 289 1895 electi,⁴
328 1839 465 1906 Quamvis
480 1841 565 1918 igitur
578 1840 656 1917 regia
670 1826 821 1898 auotoritas
834 1837 908 1915 apud
922 1832 940 1896 J
943 1826 1026 1899 udam
1038 1859 1096 1898 non
1107 1841 1191 1899 luerit
1205 1852 1269 1899 ante

79 1926 234 2003 Davidem,
246 1932 299 1992 nec
313 1945 379 2012 post
392 1936 592 2013 captivitatem,
615 1936 817 2012 praeeminebat
837 1918 930 1992 tamen
952 1935 1061 1994 caeteris
1081 1935 1219 2003 tribubus,
1240 1947 1270 1997 et

27 2036 29 2041 ’
79 2027 219 2101 quandam
234 2019 371 2117 retinebat
381 2043 546 2110 potestatem
563 2052 653 2107 nsque
668 2032 702 2090 ad
717 2017 844 2109 tempora
859 2030 967 2090 Christi
983 2031 1115 2091 adventui
1125 2032 1267 2109 proxima.

80 2122 138 2184 seb
153 2124 353 2204 Pompeium
367 2138 432 2188 ante
446 2129 595 2193 Christum
610 2130 701 2198 annis,
714 2124 798 2207 caepit
812 2129 934 2187 nationis
949 2129 1054 2198 clades,
1066 2147 1139 2203 quae,
1151 2127 1268 2186 Herode

79 2218 207 2282 idumaeo
227 2223 257 2282 in
271 2243 390 2302 regnum
409 2220 585 2305 alienastis
607 2236 716 2292 evecto,
732 2235 812 2282 aucta
831 2234 883 2293 est,
904 2225 1024 2307 ipsaque
1044 2225 1130 2294 natio,
1153 2222 1268 2284 Herode

78 2330 200 2388 mortuo,
216 2320 246 2379 in
254 2312 430 2397 provinciam
437 2318 598 2389 Romanam
610 2330 654 2378 est
667 2320 793 2379 redacta:
811 2319 922 2378 tandem
935 2320 1042 2379 eversis
1055 2321 1269 2400 Hierosolymis

78 2400 192 2494 penitus
207 2419 323 2476 evannit
332 2400 588 2496 emnisjpotestatis
603 2410 731 2496 species.⁴

118 2512 240 2574 Veteres
252 2515 418 2593 interpretes
429 2515 546 2576 Judaeos
560 2517 723 2575 vaticinium
734 2517 789 2574 hoc
803 2515 839 2574 de
850 2502 962 2576 Messia
973 2514 1148 2581 intellexisse
1160 2526 1271 2577 constat

77 2629 115 2671 ex
129 2610 295 2691 paraphrasi
311 2611 475 2680 Chaldaica,
491 2623 520 2672 et
534 2612 631 2690 Targo
645 2611 899 2689 ierosolymitano,
915 2612 991 2687 qnod
1006 2615 1158 2691 perspicuo
1172 2624 1217 2673 est
1230 2634 1271 2672 ar·

76 2718 227 2784 gumento,
241 2709 310 2766 itas
327 2710 452 2786 patribus
466 2707 502 2775 ad
516 2708 590 2766 filios
605 2709 667 2785 ejus
682 2709 918 2786 significationem
936 2709 1024 2766 fuisse
1039 2709 1233 2775 celebratam.³

117 2802 209 2864 Prob.
225 2810 254 2863 2.
277 2804 324 2864 Ex
338 2806 470 2870 vaticinio
485 2804 624 2863 Danielis.
670 2804 823 2881 Prophetae
836 2803 1004 2881 intelligenti
1019 2799 1122 2861 instare
1139 2790 1270 2862 ultimum

78 2901 250 2978 captivitatis
271 2904 387 2969 annum,
398 2902 482 2978 juxta
498 2896 632 2958 deremiae
654 2899 828 2967 vaticinium,
843 2911 871 2966 et
886 2899 1048 2975 deprecanti
1063 2917 1098 2957 ne
1113 2897 1272 2958 differretur

79 3000 117 3058 ob
137 2991 237 3078 populi
257 3009 382 3076 peccata,
397 3000 475 3056 visus
493 3007 537 3055 est
557 2995 684 3074 Angelus
707 2997 823 3055 Gabriel
837 2996 951 3054 dicens:
979 3007 998 3032 ‘⁴
1010 2995 1122 3064 Daniel,
1132 2982 1271 3075 ¹egressus
1304 2988 1309 2994 ¹

80 3092 148 3154 sunr
160 3096 193 3154 ut
204 3094 337 3154 docerem
358 3107 395 3164 te,
410 3106 438 3152 et
451 3076 634 3171 intelligeres.
675 3092 720 3151 Ab
735 3091 853 3151 exordio
874 3092 995 3171 precum
1009 3103 1118 3151 tuarum
1139 3113 1272 3171 egressus

81 3181 251 3250 estsermo:
276 3211 330 3270 ego
344 3200 443 3251 ‘autem
464 3192 530 3248 veni
549 3202 581 3247 ut
601 3189 756 3249 indicarem
771 3189 838 3269 phi,
853 3189 921 3267 quia
941 3189 984 3246 vir
1004 3188 1209 3248 desideriorum
1230 3209 1272 3249 ea.

81 3287 130 3347 Tu
152 3306 220 3367 ergo
242 3287 443 3355 animadverte,
469 3282 497 3344 et
518 3286 644 3364 intellige
668 3270 818 3344 visionei'n.
870 3284 1058 3373 Spp'tnaginta
1079 3284 1271 3344 hebdomades

82 3384 248 3461 abbreviatae
263 3385 342 3443 sunl⁶
361 3404 446 3462 super
468 3383 605 3461 populum
628 3395 717 3450 tuum,
732 3395 761 3440 et
780 3401 867 3465 super
885 3380 984 3442 itrbern
999 3393 1124 3438 sanctam
1140 3391 1227 3449 tuam,
1241 3390 1273 3440 ut

81 3494 296 3544 consummetur
305 3483 510 3560 praevaricatio,
519 3494 549 3538 et
559 3482 646 3538 finem
656 3480 776 3557 accipiat
787 3491 944 3556 peccatum,
956 3490 985 3537 et
993 3478 1118 3535 deleatur
1126 3474 1280 3562 iniquit*
1301 3520 1307 3529 .

41 3652 45 3661 ι
82 3590 113 3638 οι
123 3578 277 3639 addn'cbt'ur
286 3581 397 3657 justitia
410 3579 593 3654 sempiterna,
602 3578 637 3633 ‘et
650 3577 800 3652 impleatur
813 3576 886 3633 visio
901 3587 929 3633 et
943 3575 1101 3652 prophetia,
1112 3586 1140 3632 et
1153 3564 1273 3654 ungatur

29 3708 32 3713 ·
82 3687 196 3736 sanctus
215 3688 393 3734 sanctorum·
432 3676 521 3745 Scito,
543 3687 621 3751 ergo,
643 3685 672 3730 et
693 3672 900 3730 animadverte:
926 3674 959 3728 ab
980 3672 1059 3729 exitu
1080 3675 1220 3732 sermonis
1241 3684 1273 3733 ut

82 3775 183 3835 iterum
198 3775 354 3833 oedilicetur
373 3775 534 3833 Jerusalem
549 3780 640 3846 usque
655 3771 689 3830 ad
712 3771 859 3830 Christum
874 3771 986 3840 ducem,
1001 3771 1194 3831 hebdomades
1208 3794 1272 3853 sep·

84 3883 151 3942 tem,
166 3873 399 3933 ethebdomades
414 3874 569 3950 sexaginta
584 3872 917 3938 duaeerunnetrursum
932 3870 1114 3930 aedilicabitur
1128 3872 1228 3950 platea,
1243 3885 1272 3932 et
1309 3898 1311 3903 ⁸
1353 3926 1356 3937 ,

84 3971 526 4049 muriinangustiatemporum.
569 3971 608 4043 Et
628 3982 694 4048 post
707 3968 899 4027 hebdomades
914 3969 1062 4045 sexaginta
1075 3969 1145 4028 duas
1159 3971 1273 4030 occide·
1353 3956 1356 3965 ¹

116 4166 152 4228 (l)
168 4165 315 4230 Pacilioator
326 4166 357 4213 ab
368 4164 556 4230 Hengstenberg
568 4165 684 4224 redditur,
693 4171 747 4227 post
757 4118 948 4219 Samaritehim.

118 4249 154 4310 (9)
165 4247 262 4298 xDaniel
273 4248 325 4296 xiii.
336 4247 484 4296 Estherxvi.

118 4330 155 4392 (3)
172 4329 302 4394 captivitas
314 4329 469 4394 integra'suit
480 4329 511 4378 70
520 4345 640 4378 annornm
649 4343 655 4375 t
665 4327 697 4376 49
710 4328 741 4375 nh
752 4328 858 4377 abducto
869 4329 979 4379 Sedecia.

118 4413 154 4477 (l)
170 4412 293 4476 Josephns
304 4412 319 4461 l.
331 4411 363 4460 xi.
379 4412 458 4475 Antiq
469 4428 491 4460 c.
501 4412 532 4461 iv.
543 4412 559 4461 l.
576 4413 598 4471 1,
609 4413 639 4460 de
658 4409 720 4458 bello
736 4408 845 4467 Judoico
863 4428 884 4461 c.
897 4413 920 4468 l,
951 4412 1015 4481 vlup
1036 4413 1113 4463 etiem
1123 4410 1160 4481 il.
1178 4411 1276 4462 Macelo.

88 4496 122 4546 11.
133 4503 158 4546 et
168 4484 315 4561 Hieronym.
326 4494 342 4543 l.
354 4494 481 4544 inlsaiam
494 4510 515 4543 o.
526 4496 546 4544 l.
582 4486 585 4493 “

119 4582 156 4643 (5)
171 4574 315 4639 Vide'fl'uet
323 4594 390 4642 prop.
401 4580 424 4627 9.
436 4595 457 4627 c.
468 4579 491 4628 «l.

119 4663 155 4724 (6)
173 4650 403 4729 ldem'ae‘ideoisra
416 4663 488 4711 sunt”
501 4660 629 4709 “definitae
641 4662 722 4709 srrnt.'’
740 4673 857 4764 *mm
880 4666 883 4670 '
941 4654 943 4659 ’
