2738 5032
181 246 237 309 DE
259 248 581 310 PROPAGATIONE
599 246 820 311 ECGLESIAE
841 246 1120 310 cflmsrtlrtm.
1187 252 1257 309 ⁴1⁰8

85 418 181 484 potum
194 406 287 467 dando
297 409 418 477 locutus,
429 426 482 477 nec
495 410 574 487 ipsos
585 409 738 486 Apostolos
747 426 844 469 secum
856 409 944 468 voluit
952 409 1083 476 retinere,
1097 406 1153 466 nisi
1166 405 1259 469 decla·

84 505 187 563 mtione
202 511 254 583 per'
267 506 382 565 Petrum
398 507 503 566 emissa
516 526 582 565 eum
598 507 659 564 vitae
671 516 782 565 aeterne
796 507 879 564 verba
892 505 1004 575 habere.

209 654 332 729 c.xv1'
357 678 408 731 nn
422 676 694 731 rnoaacnrrona
710 678 887 731 necamus
901 679 1134 731 cnarsrranra

117 820 211 902 Prop.
233 824 374 921 Ecclesite
389 824 498 883 Christi
507 824 677 905 propagatio
691 825 774 884 velox
788 845 839 903 per
844 812 950 893 orbem
963 825 1127 883 divinam
1102 845 1163 905 eJus
1178 825 1261 904 origi·

81 938 143 979 nem
159 923 268 1007 probat

116 1003 210 1099 Prob.
220 1018 300 1096 ipsa
313 988 445 1078 doctrinae
459 1018 628 1077 Gllristianae
643 1018 751 1079 indoles
765 1020 896 1077 maxime
901 1018 1132 1078 adversabatur'
1108 1039 1169 1097 ejus
1179 1018 1263 1077 dillu-

81 1116 165 1184 sioni,
179 1116 457 1193 namm'ysteriorum
468 1115 569 1174 fidem
560 1116 692 1193 injungit
702 1127 730 1173 et
743 1115 908 1192 cupiditates
919 1116 1000 1193 jubet
1010 1114 1195 1175 coercendas
1212 1114 1264 1173 Sa·

79 1212 122 1272 lus
137 1213 168 1272 in
176 1213 307 1273 crucifixi
318 1215 433 1273 nomine
448 1210 632 1289 predicanda,
643 1212 733 1290 ctrltus
745 1212 801 1290 ipsi
812 1212 984 1283 tribuendus,
996 1215 1030 1272 ab
1041 1214 1120 1272 omni
1133 1212 1261 1271 omnium
1276 1214 1286 1229 ‘

81 1327 166 1369 sensa
178 1319 206 1368 et
216 1311 354 1368 sententia
365 1304 539 1383 abhorrebat.
575 1311 664 1368 Primi
678 1328 823 1386 praecones
837 1309 920 1368 rudes
932 1312 1072 1369 literarum
1084 1320 1113 1368 ct
1125 1298 1263 1369 humilias

80 1407 245 1486 vitae'genrts
257 1419 407 1488 sectantes,
418 1425 472 1471 nec
483 1407 565 1483 copia
576 1405 687 1484 dicendi
701 1418 874 1485 prestantes,
886 1408 1003 1467 minime
1014 1406 1110 1467 idonei
1122 1407 1176 1465 visi
1187 1413 1263 1473 sunt,

83 1504 133 1577 qui
153 1504 259 1562 crateris
282 1504 444 1562 homiuibus
465 1500 623 1561 suaderent.
665 1490 753 1561 Nulla
774 1503 888 1561 aderant
901 1502 1031 1563 bumana
1053 1503 1188 1571 subsidia,
1211 1520 1263 1560 nee

81 1598 186 1657 di'vitise
200 1600 303 1673 quibus
317 1598 544 1676 compararentur
555 1598 683 1666 asseclae,
693 1599 876 1671 nechonores
891 1600 994 1674 quibus
1008 1599 1193 1667 allicerentur,
1209 1617 1262 1657 neo

80 1696 215 1774 potentia,
238 1715 294 1777 qua
321 1707 501 1770 cogerentur.¹
537 1694 693 1753 Obstabant
719 1694 884 1772 praejudicia
907 1696 988 1755 altius
1013 1697 1154 1754 mentibus
1181 1695 1265 1752 insita

76 1812 146 1871 erga
157 1790 261 1852 avitam
271 1780 470 1870 Religionem
485 1791 578 1850 Judaei
590 1790 705 1866 quidem
714 1788 851 1850 noverant
864 1796 944 1848 sitam
958 1793 1050 1869 legem
1065 1793 1198 1861 divinitus
1214 1810 1265 1869 per
1316 1788 1324 1805 “

80 1888 218 1967 Moyiem
232 1888 370 1958 traditam,
386 1889 491 1947 cultum
511 1889 595 1951 etiam
617 1888 826 1965 praescriptum:
867 1886 985 1945 Ethnici
998 1885 1069 1944 verti
1081 1908 1098 1943 a
1112 1887 1264 1964 majoribus

34 1999 38 2002 ’
77 1988 139 2046 iuis
159 2004 227 2046 suas
248 1986 405 2046 derivatam
426 1986 650 2063 superstitiones,
665 1974 810 2059 inquibus
826 1984 1029 2058 etquotidiana
1049 1983 1263 2052 consuetudine,

80 2095 108 2143 et
120 2096 286 2144 caeterorum
308 2086 478 2179 populorum
498 2084 647 2161 exemptis
659 2084 772 2147 fuerunt
790 2084 957 2153 confirmati,
972 2095 1003 2142 ut
1021 2082 1055 2141 de
1070 2082 1146 2140 vitiis
1159 2083 1264 2156 quibus

80 2180 194 2240 fatebat
206 2166 385 2240 iddlolatria³
377 2174 488 2239 interim
504 2182 612 2247 sileant.
655 2181 810 2238 Obstabant
825 2182 891 2241 vitia
903 2182 965 2258 ipsa
979 2171 1186 2258 quamplurima
1200 2194 1264 2253 ques
1342 2191 1355 2205 ⁸

79 2276 150 2338 ade'o
170 2271 377 2357 grassabantur,
392 2255 511 2352 quaque
533 2278 663 2336 homines
686 2276 759 2335 haud
782 2272 899 2335 idoneos
920 2278 1024 2335 calesti
1046 2277 1097 2336 illi
1107 2277 1265 2359 discipline

80 2368 258 2454 excipiendas
278 2370 446 2435 efficiebant.
489 2374 625 2439 Obstabat
638 2375 722 2435 etiam
739 2375 959 2452 philosophia''
942 2394 976 2433 ns
997 2375 1171 2451 temporibus
1192 2374 1265 2437 adeo

78 2471 281 2546 creditaque
295 2462 504 2550 simplicitatem
522 2457 673 2550 Evangelii
679 2470 843 2549 respuebat.
885 2472 942 2539 Qui
961 2473 1023 2530 haec
1037 2473 1133 2531 omnia
1145 2490 1266 2549 perpen-

77 2558 159 2640 derit,
174 2571 304 2633 fatebitur
317 2558 424 2631 nullent
437 2571 591 2633 humanam
605 2590 686 2648 spem
701 2570 890 2630 diffundenda
906 2566 1077 2629 Christiana
1090 2571 1263 2647 Religionis,
1322 2554 1332 2597 ⁴

79 2669 188 2727 nullam
200 2668 393 2747 verosimilem
408 2667 543 2727 rationem
558 2669 720 2726 affulsisse·
750 2667 869 2726 Constat
889 2672 982 2725 autem
1004 2687 1066 2725 eam
1084 2668 1165 2724 brevi
1182 2667 1266 2724 diffc-

78 2761 141 2829 ιιιιι
152 2780 253 2824 omnes
267 2774 423 2842 occupasse
434 2764 530 2834 terras,
545 2767 622 2842 ipsas
636 2763 777 2822 Judaismi
790 2762 990 2843 etidololatriae
1000 2763 1093 2820 sodes.
1128 2762 1264 2834 Divinam

78 2862 173 2942 igitur·
189 2864 247 2922 vim
269 2869 299 2922 'et
316 2862 473 2940 'potentiam
499 2865 615 2922 miretur
636 2863 700 2934 quis
723 2874 751 2920 et
772 2854 867 2919 adoret
886 2880 1003 2919 necesse
1026 2871 1078 2918 est.
1120 2861 1183 2917 “Si
1205 2876 1265 2919 rem

68 2958 245 3020 cradrbilem
268 2950 476 3030 crediderunt,”
500 2961 593 3033 inquit
601 2960 799 3039 Augustinus,
822 2956 1060 3031 “'videantquam
1082 2958 1139 3015 sint
1158 2956 1265 3027 stolidi,

77 3059 129 3132 qui
148 3072 207 3116 non
222 3056 356 3117 credunt:
378 3058 403 3114 si
425 3068 517 3115 autem
537 3070 582 3115 res
605 3054 778 3123 incredibilis
793 3055 897 3114 credita
916 3064 970 3125 est,
989 3056 1073 3114 etiam
1092 3055 1147 3115 hoc
1166 3057 1265 3130 utique

79 3152 246 3216 incredibile
266 3167 319 3224 est,
338 3158 379 3214 sic
400 3156 535 3214 creditum
557 3175 631 3225 esse,
645 3155 722 3246 quod
744 3156 905 3214 incredibile
928 3155 1004 3214 est”
1047 3154 1143 3232 “lpse
1164 3154 1265 3213 modus

80 3272 139 3328 quo
158 3251 283 3335 mundus
295 3250 430 3321 credidit,
445 3272 471 3310 ιι
459 3231 684 3321 consideretur,
705 3252 894 3326 incredibilior
909 3253 1065 3310 iuvenitur.
1106 3248 1265 3308 Ineruditcs

81 3349 243 3408 liberalibus
263 3348 438 3426 disciplinis;
461 3360 490 3408 et
510 3350 636 3418 omnino,
652 3360 787 3422 quantum
801 3349 836 3408 a'd
856 3351 985 3407 istorum
996 3347 1136 3405 doctrinas
1157 3347 1264 3414 attinet,

82 3426 258 3525 impolitos,
252 3466 310 3507 non
330 3448 435 3524 peritos
450 3446 640 3525 grammatica,
655 3462 721 3504 non
735 3456 854 3505 armatos
877 3420 1032 3510 dialectica,
1048 3460 1106 3502 non
1126 3444 1266 3502 rhetorica
1360 3473 1364 3486 ‹

83 3545 205 3618 inflatos,
215 3545 368 3621 piscatores
382 3540 513 3602 Christus
529 3562 592 3601 cum
607 3544 711 3601 retibn's
726 3543 792 3601 fidei
806 3543 840 3601 ad
854 3562 930 3604 mare
944 3543 1030 3618 hujus
1045 3541 1141 3599 saeculi
1155 3541 1266 3618 paucis·

84 3644 170 3702 simos
185 3642 272 3709 misit,
288 3653 370 3715 atque
384 3643 464 3700 itaet
477 3661 513 3700 ex
526 3643 605 3700 omni
624 3660 727 3739 genere
742 3651 798 3697 tam
812 3642 916 3698 multos
931 3641 1036 3717 plasea,
1051 3650 1081 3697 et
1094 3651 1168 3698 tanto
1183 3640 1266 3698 mira·

84 3740 195 3801 biliores
207 3749 312 3814 quanto
324 3741 452 3807 rariores,
464 3739 548 3797 etiam
559 3740 638 3815 ipsos
630 3733 835 3815 philosophos
846 3738 932 3814 cepit.
962 3738 994 3794 Si
1008 3747 1112 3804 autem,
1124 3747 1264 3796 utiterum

86 3849 134 3909 est,
149 3839 248 3918 paucis
263 3832 399 3904 obscuris,
413 3839 548 3907 minimis,
564 3837 685 3912 indoctis
696 3856 757 3894 eam
768 3835 999 3929 (ascensionem)
1011 3855 1042 3893 se
1055 3836 1159 3894 vidisse
1170 3836 1266 3895 dicen·

87 3922 156 3998 tibus
168 3949 198 4020 et
207 3937 393 4022 scribentibus
404 3937 524 3999 credidit
537 3936 670 4004 mundus,
683 3951 738 3994 cur
746 3924 827 4013 pauor
819 3934 1069 3994 obstinatissimi
1063 3936 1112 4017 qui
1123 3942 1266 3993 remanse-
1280 4014 1282 4018 .
1345 3942 1349 4001 ζ

87 4047 155 4105 mnt,
170 4036 228 4113 ips1
219 4033 376 4093 mundo
364 4053 424 4112 Jam
438 4034 559 4102 credent
541 4044 571 4092 ιι
576 4033 667 4091 adhuc
681 4053 772 4121 usque
785 4053 842 4091 non
857 4031 1016 4090 creduntl”
1020 4036 1032 4066 ¹
1346 4008 1353 4029 Ι

123 4133 166 4193 Re
180 4141 283 4210 autem
289 4150 354 4189 vera
374 4126 504 4194 diffusam
525 4150 588 4189 esse
612 4116 791 4208 Religionem
812 4129 1004 4187 Christianam
1025 4147 1076 4205 per
1088 4127 1208 4187 orbem
1201 4118 1265 4204 ipso
1359 4152 1361 4156 ·

88 4212 284 4306 Apostolorum
296 4237 431 4304 tempore,
443 4224 531 4300 liquet
541 4247 578 4286 ex
592 4228 719 4304 epistolis
729 4244 825 4285 eorum
841 4225 875 4283 ad
889 4224 988 4283 fideles
999 4244 1050 4303 per
1060 4225 1159 4283 Asiam
1173 4223 1265 4281 miuo-

90 4343 143 4388 rem
155 4339 186 4388 et
200 4327 351 4395 Graeciam,
365 4320 519 4402 dispersos,
535 4337 564 4385 et
583 4327 683 4387 Romae
703 4326 787 4407 etiam
808 4303 1009 4383 consistentes:
1034 4333 1143 4382 constat
1157 4321 1264 4397 quippe

92 4421 122 4482 iis
134 4426 277 4506 plerisque
290 4425 320 4482 in
333 4423 404 4484 locis
418 4420 551 4501 magnum
562 4424 622 4500 jam
636 4424 724 4482 fuisse
738 4424 1008 4481 coium-numerum.
1049 4419 1094 4480 ad
1110 4417 1266 4503 Golossem

458 4599 493 4661 (l)
509 4599 574 4666 Aug.
586 4600 616 4651 ds
627 4599 672 4650 civ.
684 4598 731 4649 Dei
743 4598 759 4647 l.
770 4598 827 4651 xxii·
839 4599 859 4648 c·
871 4612 892 4647 ι.
928 4634 931 4642 .
