2738 5032
476 242 532 303 nn
557 243 665 303 snus
688 243 907 323 Rouana,
1016 199 1020 205 ⁴
1211 247 1263 303 ιιι

82 395 336 461 chalcedonenses
356 403 432 461 hunc
451 403 556 479 saepius
576 402 794 479 appellaverant,
810 421 894 462 nemo
909 413 1053 475 tamen-ex
1071 401 1201 489 Gregorii
1219 400 1267 459 de·

85 496 244 555 censoribus
258 518 293 557 eo
308 518 376 557 usus
392 508 444 565 est,
461 508 480 534 ‘⁶
491 518 526 556 ne
541 499 566 555 si
580 497 635 555 sibi
651 499 678 554 in
695 498 878 556 Pontificatus
892 498 977 575 gradu
991 499 1109 575 gloriam
1120 497 1267 574 singulati-

84 593 144 649 tatis
165 595 310 672 arriperet,
327 596 399 653 hanc
421 596 553 653 omnibus
573 594 702 653 fratribus
724 594 879 672 denegasse
897 596 1045 654 videretur
1050 595 1082 630 ”¹
1123 594 1181 654 Diu
1202 607 1266 653 ants

84 690 190 751 Pbocoe
212 704 348 770 tempora,
364 694 412 766 qui
433 694 556 769 septimo
577 694 672 751 floruit
691 694 806 762 soeculo,
828 693 1041 752 Valentinianus
1061 693 1114 752 Ill.
1131 714 1175 751 an.
1197 699 1266 761 455,
1321 731 1326 742 ·

81 788 231 863 primatum
255 791 391 849 Romanae
415 791 499 848 Sedis
525 790 690 867 agnovit:‘
695 791 796 867 ‘igitur
819 790 897 849 sedis
922 768 1093 868 Apostolicae
1115 793 1266 869 primatum

83 883 113 941 B.
129 886 212 944 Petri
226 888 370 955 meritum,
382 888 432 960 qui
446 898 490 945 est
503 888 636 964 princeps
649 886 831 946 sacerdotalis
847 907 968 955 coronae,
974 901 1012 949 et
1026 888 1162 947 Romanas
1176 889 1267 968 digui-

82 991 120 1067 tae
135 982 271 1049 civitatis,
286 1002 372 1041 saurae
387 983 470 1040 etiarn
488 982 592 1058 synodi
613 983 734 1040 firmavit
748 983 945 1041 auctoritas.''⁹
985 982 1125 1061 Cypriani
1141 996 1266 1062 tempore

80 1080 245 1158 Episcopus
267 1082 408 1141 Ecclesiae
424 1083 580 1140 Catholicae
604 1082 750 1140 Romanus
773 1083 906 1141 Pontifex
929 1081 1136 1159 designabatur,
1152 1102 1208 1156 qua
1226 1104 1267 1141 ra·

86 1176 161 1237 done
183 1187 213 1234 et
231 1178 398 1236 universalis
420 1180 481 1255 ejus
503 1179 651 1235 auctoritas
672 1180 884 1254 agnoscebatur,
906 1190 935 1236 et
956 1179 1136 1257 Collegamm
1159 1180 1268 1257 integer

87 1276 218 1332 manebat
232 1276 332 1334 honor.
370 1346 373 1353 Ι

121 1366 188 1448 otj.
202 1375 230 1428 6.
254 1371 346 1441 Cone.
360 1372 460 1429 Chalc.
475 1391 536 1431 can.
550 1373 651 1431 xxviii.
695 1373 863 1446 “Antiquae
876 1373 976 1431 Rome
990 1373 1100 1442 tirrano,
1113 1373 1189 1449 quod
1201 1375 1267 1433 urbs

82 1463 129 1523 illa
153 1467 313 1544 imperaret,
336 1469 400 1543 jure
424 1469 523 1527 Patres
544 1469 691 1547 privilegia
711 1470 919 1529 contulerunt
963 1470 1098 1544 AEqualia
1121 1472 1268 1553 privilegia

83 1580 162 1621 nova
172 1562 274 1641 Romae
285 1565 443 1643 Episcopo,
454 1565 560 1642 paride
572 1585 658 1623 causa
668 1575 849 1624 recensentur
860 1567 971 1645 tributa.
999 1567 1047 1626 Ex
1059 1566 1266 1637 Consiliorum,

83 1659 177 1741 igitur,⁸
187 1662 383 1730 concessione,
395 1662 432 1720 ob
440 1663 519 1723 urbis
535 1663 720 1739 majestatem,
732 1662 823 1731 honor
834 1664 993 1739 praecipuus
1003 1664 1134 1724 Romano
1147 1652 1268 1742 Episco-

83 1773 127 1831 po,
141 1767 227 1832 prout
240 1770 338 1835 postea
353 1756 517 1834 Cpolitano,
533 1759 653 1816 tributus
665 1771 717 1815 est.

118 1850 209 1931 Κεφ.
232 1854 333 1919 Canon
354 1855 401 1915 ille
422 1854 457 1912 de
474 1855 585 1932 juribus
606 1855 849 1931 patriarchalibus,
864 1855 959 1932 potius
979 1875 1066 1935 quam
1087 1856 1121 1914 de
1144 1859 1266 1934 primatu

82 1948 187 2008 viderur
200 1971 293 2029 agere,
309 1964 340 2010 ut
353 1953 415 2029 ipse
429 1951 534 2029 Dupin
547 1957 674 2011 censet⁸
714 1952 858 2011 Caeterum
879 1953 1042 2029 reprobatus
1057 1965 1101 2010 est
1114 1975 1131 2011 a
1144 1955 1268 2015 Summo

84 2045 219 2106 Pontifice
234 2062 263 2107 et
276 2069 292 2107 a
307 2061 364 2107 tota
377 2032 542 2116 occidentali
555 2047 695 2117 Ecclesia,
711 2069 745 2107 eo
767 2060 787 2087 ‘⁶
798 2049 873 2123 quod
887 2049 1003 2109 secundi
1025 2050 1140 2110 honoris
1155 2051 1268 2128 privile·

83 2143 157 2219 giuns
172 2144 263 2202 Sedes
278 2145 470 2205 Alexandrina
490 2140 652 2220 perdiderit,
666 2157 694 2203 et
714 2147 891 2205 Antiocheno
912 2147 1044 2205 Ecclesia
1065 2148 1266 2225 proprietatem

85 2245 168 2302 tertiae
190 2241 334 2318 dignitatis
355 2240 537 2299 amiserit.”⁴
577 2242 628 2299 Nil
650 2243 752 2301 mirum
767 2244 792 2299 si
806 2240 941 2319 praesules
960 2242 1105 2321 Cpolitani
1126 2245 1268 2329 Episcopi

85 2338 228 2417 ambitioni
252 2340 336 2397 nimis
358 2340 493 2399 lavantes.
507 2338 584 2400 urbis
605 2339 780 2416 majestatem
800 2340 830 2404 in
850 2340 895 2398 sui
916 2340 1073 2403 subsidium
1095 2344 1266 2412 vocaverint,

84 2435 210 2509 quamvis
221 2434 296 2495 haud
308 2435 595 2514 ignorariut'Rornani
607 2435 747 2513 Episcopi
753 2436 908 2512 primatum
920 2455 956 2495 ex
967 2436 1076 2497 Christi
1089 2439 1266 2503 institutione

85 2518 212 2607 derivari.
254 2533 380 2591 Leonem
395 2534 520 2611 prolecto
534 2546 691 2612 agnoscunt
704 2536 886 2594 constitutum
897 2555 964 2607 esse
985 2538 1117 2596 omnibus
1133 2540 1269 2617 interpre-

82 2641 137 2695 ,tcm
147 2630 229 2689 ‚vocis
244 2629 321 2688 Petri
335 2631 481 2710 Apostoli;
503 2643 531 2689 et
544 2644 697 2704 queruntur
710 2632 883 2691 Dioscorum
895 2633 987 2691 furore
1000 2634 1122 2706 quodam
1134 2637 1164 2693 in
1175 2638 1267 2714 Apos-

86 2729 288 2787 tolicamsuam
304 2728 495 2795 sanctitatem,
508 2730 558 2794 ,cui
572 2729 661 2786 vineat
672 2748 738 2786 cura
752 2749 768 2786 a
782 2731 925 2787 Salvatore
937 2741 981 2787 est
992 2732 1156 2798 commissa,
1169 2733 1269 2791 serri.⁶

82 2821 149 2883 late
165 2825 289 2900 primum
304 2822 466 2905 Concilium
480 2823 700 2894 OEcumenicum
715 2823 840 2881 desierat
851 2824 942 2881 Roma
956 2834 1039 2898 caput
1053 2843 1117 2881 esse
1139 2827 1263 2902 imperii,

86 2916 203 2997 Cpolirn-
214 2919 322 2979 scilicet
332 2921 440 2997 ¹regiam
455 2921 552 2978 urbem
567 2920 670 2983 fecerat
685 2919 906 2977 Constantinus:
930 2930 1101 3001 quapropter
1120 2921 1269 3001 privilegia

83 3015 172 3095 inille
187 3013 319 3073 Concilio
333 3015 379 3074 vel
393 3015 421 3074 in
437 3015 598 3076 Sardicensi
613 3015 721 3080 tributa,
738 3033 794 3094 uon
809 3024 937 3092 poterant
950 3015 1027 3075 urbis
1042 3015 1092 3074 niti
1109 3018 1265 3096 majestate.

85 3096 363 3187 Equidem'Nicaeni
384 3112 483 3174 Patres
507 3124 680 3187 agnoverunt
704 3102 877 3171 Ecclesiam
892 3111 1050 3172 Romanam
1064 3133 1192 3192 ¹semper
1219 3117 1268 3176 ha·

83 3207 176 3271 baisse
191 3193 352 3286 pr‘imetum,
365 3228 417 3267 nec
432 3209 538 3283 aliquid
553 3210 618 3268 novi
633 3209 825 3285 decreverunt,
840 3210 890 3268 sed
904 3200 936 3268 itt
944 3212 1010 3288 jura
1021 3212 1206 3272 Alexandrini
1219 3235 1268 3292 pa·

84 3292 207 3373 triarchas
221 3294 318 3363 contra
331 3305 481 3372 Meletium
495 3306 740 3384 ·Lycopolitanum
754 3308 880 3384 ,ejusque
895 3301 1016 3374 asseclas
1032 3319 1183 3376 tuerentur,
1199 3313 1268 3370 anti·
1303 3339 1305 3345 ¹

85 3419 152 3476 quas
166 3402 317 3461 servandas
332 3405 396 3461 ess'e
411 3403 629 3465 consuetudines
642 3415 821 3472 censuerunt,
836 3416 867 3463 ut
881 3404 1015 3482 AEgypti,
1028 3405 1139 3481 Libyes,
1151 3419 1179 3463 et
1193 3406 1267 3466 Peo-

82 3498 181 3577 tapolis
202 3499 410 3559 Alexandrinus
438 3500 590 3578 episcopus
618 3483 731 3576 plenam
752 3496 1078 3581 haberetpoteetatem,
1103 3504 1267 3581 “quoniam

81 3597 164 3657 etiam
179 3599 316 3676 episcopo
330 3600 461 3659 Romano
476 3598 504 3657 id
518 3608 684 3657 consuetum
699 3597 763 3655 est'
767 3597 798 3631 '⁶
838 3598 974 3670 Quisquis
995 3599 1034 3655 sit
1023 3599 1160 3659 thorum
1169 3603 1266 3662 verbo·

81 3712 140 3753 rum
155 3714 267 3780 sensus,
282 3696 371 3769 liquet
385 3697 452 3773 satis
468 3714 521 3753 nec
535 3694 720 3772 privilegia
701 3713 737 3752 us
756 3693 886 3754 Romano
907 3695 1054 3772 Episcopo
1069 3697 1197 3787 concedi,
1212 3721 1265 3761 nec

83 3775 185 3851 limites
200 3810 258 3851 suae
274 3794 445 3852 auctoritatis
460 3791 594 3850 exercitio
606 3792 720 3869 apponi.
763 3790 969 3849 Sardioenses'
961 3792 1017 3869 ipsi
1038 3803 1131 3868 patres
1153 3797 1266 3872 privile·

82 3889 222 3968 giaSedis
238 3888 374 3949 Romatio
389 3901 571 3971 agnoverunt,
575 3884 778 3967 potiusquam
794 3889 966 3957 tribuerunt;
988 3890 1065 3962 quod
1082 3893 1264 3974 enimdeju·
1292 3938 1294 3942 r

81 3987 187 4048 dicibus
203 3990 237 4049 ab
251 3989 398 4066 Episcopo
413 3989 587 4048 Romanuin
608 3989 760 4065 provinciis
782 3988 945 4077 longinquis
961 3988 1153 4066 designandis,
1169 3994 1263 4059 decre·

214 4167 250 4224 (l)
268 4165 292 4230 S,
303 4158 371 4231 Greg
383 4165 419 4215 M.
428 4164 443 4214 l.
455 4166 485 4214 iv.
503 4166 548 4228 Ep.
560 4154 660 4215 xxxviii.
672 4166 702 4214 ad
713 4165 835 4214 loannem
847 4166 914 4230 Cpol.

151 4282 154 4286 -
210 4249 245 4308 (2)
263 4249 360 4298 Constit
371 4247 470 4299 Novella
479 4247 538 4297 11⁰0.
556 4247 618 4297 Vide
630 4249 704 4297 ctiam
717 4247 734 4295 J
736 4248 850 4297 ustinisn.
874 4249 935 4306 Nor,
949 4248 1003 4306 151,

209 4332 245 4393 (3)
264 4331 301 4380 De
313 4339 363 4380 ant.
374 4332 433 4380 disc.
443 4332 499 4380 diss.
511 4331 542 4378 iv.

212 4416 247 4475 (4)
264 4416 290 4464 S.
303 4414 353 4463 Leo
364 4415 390 4462 in
402 4413 448 4477 Ep.
459 4415 488 4462 dc
500 4429 529 4462 ea
540 4429 574 4461 re.

209 4498 245 4557 (5)
261 4497 337 4545 Conc.
348 4495 424 4544 Hard.
435 4503 452 4543 t.
464 4497 488 4544 ii.
501 4512 522 4545 c.
534 4496 588 4545 656.

208 4579 243 4640 (6)
261 4579 348 4627 6Cnn.
360 4577 416 4626 Nic.
428 4594 495 4627 conc.
509 4579 585 4628 Hand.
598 4597 619 4643 p.
630 4580 685 4630 439.
