2768 5032
55 351 57 355 ,
100 286 178 342 248·
398 278 455 339 DE
477 273 697 339 EGCLESIAE
719 275 999 338 PRAESULIBUS.

98 440 271 523 vestrum.’'1
311 440 373 499 Eos
388 461 405 497 a
418 439 502 497 variis
523 438 593 497 locis
608 435 758 495 advenisse
772 435 913 494 intellexit
932 435 1079 494 lrenaeus:
1102 443 1122 471 ‘⁶
1135 434 1164 493 in
1186 431 1288 492 Mileto

101 539 188 607 enirn,
204 539 367 596 convocatis
381 537 537 615 Episcopis
551 545 580 592 et
594 535 783 611 Presbyteris,
799 535 848 608 qui
862 544 941 593 erant
957 534 991 591 ab
1008 533 1140 611 Epheso,
1156 541 1184 590 et
1198 551 1216 589 a
1228 524 1291 589 reli·

101 638 165 711 quis
181 637 319 713 proximis
334 634 542 694 civitatibus.”⁹
575 632 708 690 hdiuisse
723 631 863 706 quosdam
875 631 1021 709 simplices
1036 627 1288 707 Presbyteros,uti

100 734 147 792 hic
162 735 328 800 insinnatur,
344 752 401 791 uon
417 744 460 790 est
480 731 690 798 inverosomile,
704 730 754 788 sed
775 730 906 806 Apostoli
920 730 1005 787 verba
1023 727 1135 786 laudata
1148 726 1288 804 guberna·

98 834 173 888 tores
195 831 333 888 Ecclesiae
355 830 437 906 plane
453 828 616 904 respiciunt,
632 847 684 885 nec
698 837 743 884 est
761 827 924 884 inusitatum
940 826 969 884 iu
990 822 1287 898 concione'quosdam

98 926 187 1004 gradu
212 939 376 1004 praestantes
400 927 560 1003 specialiter
581 925 616 981 de
642 924 694 982 su'o
710 943 827 982 munere
849 942 975 991 monere,
992 923 1054 981 aliis
1077 921 1288 999 pretermissis.

101 1023 165 1082 Hos
181 1025 341 1101 praesertim‘
356 1025 506 1082 accersitos
522 1043 538 1079 a
554 1022 642 1080 Paulo
658 1021 885 1098 chrysostomus
900 1021 985 1079 etiarn
1006 1019 1156 1088 intellexit,
1172 1019 1217 1077 vis
1232 1022 1293 1103 *usn

99 1120 199 1179 borum
216 1121 381 1178 Graecorum
402 1119 476 1178 haud
491 1121 616 1196 ignarus,
632 1131 660 1176 et
681 1119 784 1176 mentis
799 1117 931 1195 Apostoli
946 1116 1015 1174 felix
1030 1134 1107 1193 sepe
1129 1115 1271 1192 interpres
1280 1133 1291 1171 t

99 1234 141 1280 τες
152 1221 269 1287 ἄρχοντας
279 1221 517 1286 μεταπεμψμενοςθ

122 1309 184 1370 'Ad
199 1326 307 1390 septem
323 1313 519 1371 Ecclesiarum
533 1313 609 1369 Asiae
624 1311 750 1388 Angelos
763 1311 878 1387 scripsit
891 1310 1042 1378 Joarrrnes,1
1057 1327 1129 1382 quos
1144 1307 1294 1367 Antistites

98 1409 256 1488 intelligere
271 1411 313 1468 eis
328 1409 507 1486 invigilantes
523 1426 641 1466 necesse
656 1419 709 1475 est,
724 1426 777 1465 nec
792 1408 869 1465 enirn
884 1407 987 1484 Angeli
1002 1405 1208 1463 monitionibus
1223 1401 1293 1461 iudi·

99 1509 211 1586 gebant.
253 1508 343 1585 Igitur
362 1508 391 1565 in
412 1510 475 1584 ipsa
490 1517 569 1565 aetate
584 1506 749 1583 Apostolica
763 1506 935 1582 praesuerunt
949 1506 1085 1582 presules
1100 1503 1244 1563 Ecclesiis
1265 1504 1293 1561 in

99 1605 253 1681 majoribus
265 1604 392 1670 urbibus,
408 1623 512 1677 easque
528 1604 663 1681 singulari
679 1614 814 1679 potestate
829 1603 973 1679 regebant.
1252 1666 1256 1672 ¹

140 1700 293 1759 Probatur
303 1701 342 1759 ll.
357 1719 392 1759 es
403 1702 494 1760 totius
506 1700 695 1778 antiquitatis
706 1717 858 1758 consensu.-
873 1709 983 1764 constat
992 1700 1098 1776 quippe
1111 1698 1148 1762 ab
1160 1697 1294 1771 antiquis·

47 1874 49 1881 Α
101 1798 185 1857 simis
200 1800 374 1876 temporibus
388 1809 510 1857 rectores
525 1798 693 1875 singulares,
708 1798 870 1873 Episcopos
893 1797 1065 1874 designatos,
1088 1796 1194 1869 ubique
1218 1795 1293 1874 agni·

108 1906 163 1965 tos,
175 1897 276 1971 quibus
287 1896 427 1963 etfideles
441 1907 469 1954 et
483 1895 642 1954 sacerdotes
657 1895 798 1971 subjectos
814 1915 844 1952 se
859 1892 1039 1963 exhibebant,
1053 1904 1082 1952 et
1096 1908 1217 1968 quorum
1233 1912 1295 1967 aucf

29 2007 34 2015 ·
94 1977 199 2078 toritas
211 2005 389 2052 sacrosancta
403 2005 431 2051 et
444 1993 538 2051 divina
554 1993 647 2050 habita
661 2002 713 2049 est.
754 1992 895 2050 Illustrem
908 2002 1009 2051 testem
1019 1991 1119 2050 damus
1135 1991 1294 2069 Martyrem

100 2092 252 2170 ignatium,
269 2093 317 2165 qui
330 2092 364 2149 ad
379 2092 571 2167 Smyrneuses
586 2092 699 2149 scribit:
743 2100 762 2127 “
773 2080 938 2149 Divisiones
960 2091 1048 2168 sugite
1063 2100 1094 2148 ut
1115 2090 1292 2168 principium

100 2178 258 2249 malorumt'
301 2190 409 2248 Omnes
431 2187 610 2266 Episcopum
631 2188 795 2262 sequimini,
816 2198 847 2246 ut
867 2188 953 2247 Jesus
976 2187 1109 2269 Christus
1126 2189 1254 2256 Patrem,
1268 2195 1309 2251 et,

101 2287 315 2364 Presbyterium
337 2296 367 2344 ut
382 2287 546 2363 Apostolos.
568 2288 585 2323 '¹‘
605 2289 621 2323 'i
642 2289 659 2324 *
680 2287 749 2344 Siue
764 2287 912 2363 Episcopo
935 2303 1019 2344 nemo
1041 2285 1197 2360 quidquam
1212 2284 1295 2344 faciat

101 2403 201 2443 eorum
217 2405 279 2457 quae
294 2384 329 2442 ad
343 2385 505 2442 Ecclesiam
520 2393 658 2460 spectant.
681 2388 697 2422 ¹*
719 2388 735 2421 i
756 2387 773 2421 *
794 2384 851 2442 Ubi
866 2384 1056 2460 comparuerit
1065 2382 1303 2461 Episcopus,ibi.

100 2489 130 2538 et
149 2479 300 2538 multitudo
314 2480 371 2536 sit:
393 2479 633 2551 quemadmodum
648 2480 696 2537 ubi
717 2480 801 2537 fuerit
816 2479 950 2537 Christus
971 2481 1068 2548 Jews,
1084 2480 1123 2537 ibi
1145 2472 1298 2538 catholica

27 2560 30 2565 ¹
99 2586 144 2634 ‘est
157 2575 337 2636 Ecclesia.”⁵
376 2576 421 2633 Ad
437 2576 615 2633 Trallianos:
659 2585 679 2612 “
692 2576 768 2634 Cum
783 2577 861 2635 enirn
876 2577 1025 2655 Episcopo
1039 2577 1159 2653 subjecti
1172 2577 1244 2634 estis
1266 2586 1297 2634 ut

100 2675 119 2734 J
121 2694 171 2734 esu
186 2674 314 2742 Christo,
326 2673 465 2733 videmini
479 2674 548 2732 mihi
562 2694 620 2732 non
632 2675 788 2734 secundum
801 2675 942 2744 homiues,
955 2675 1006 2734 sed
1018 2671 1173 2735 secuudum
1185 2675 1206 2734 J
1207 2692 1293 2734 esum

102 2774 250 2835 Christum
266 2777 371 2834 vivere.
394 2779 410 2813 ⁴*
429 2777 446 2812 *
467 2776 484 2811 *
505 2773 707 2833 Necessarium
723 2775 817 2847 itaque
832 2785 885 2842 est,
899 2772 1251 2847 quemadmodum‘ia'citis,
1264 2781 1297 2830 ut

101 2873 163 2932 sine
178 2873 327 2950 Episcopo
348 2872 420 2930 nihil
434 2871 533 2949 agatis,
549 2871 600 2928 sed
614 2882 642 2929 et
666 2871 850 2951 Presbyterio
871 2870 977 2929 subditi
998 2871 1071 2939 sitis,
1094 2882 1124 2929 ut
1143 2869 1294 2947 Apostolis

101 2969 172 3028 Jesu
188 2968 345 3026 Christi.”⁰
385 2969 506 3026 “Decet
520 2969 596 3026 enim
612 2969 739 3046 singulos
755 2978 889 3037 vestrum,
901 2977 929 3026 et
940 2968 1082 3045 praecipue
1092 2962 1295 3044 Presbyteros',
1320 3018 1323 3023 .

102 3065 259 3123 refocillare
288 3065 478 3141 Episcopum,
501 3064 653 3142 (castanea)
677 3066 706 3124 iu
738 3065 876 3123 honorem
904 3065 1007 3135 Patris,
1028 3064 1098 3124 Jesu
1128 3063 1302 3135 Christigst

103 3159 355 3238 Apostolorum.”⁷
394 3161 500 3233 Liquet
527 3162 726 3238 Presbyteros,
749 3162 792 3219 vel
814 3162 1039 3239 Presbyterium,
1061 3160 1301 3241 Presbyteroruru

103 3258 213 3317 scilicet
224 3266 336 3326 caetum,
352 3253 508 3319 secuudum
523 3257 617 3316 locum
634 3257 829 3316 tantummodo
850 3256 1017 3326 obtinuisse,
1032 3259 1125 3332 iisque
1146 3259 1299 3335 praefuisse

102 3356 293 3433 Episcopum,
309 3354 547 3428 quemadmodum
564 3355 696 3413 Christus
712 3355 857 3432 Apostolis
879 3357 1000 3433 praesuit.
1042 3355 1114 3414 Haec
1132 3340 1297 3425 certefeuc·

102 3454 254 3520 toritatem,
268 3453 379 3510 muneri
393 3452 561 3529 Episcopali
575 3453 772 3521 inhaerentem,
787 3472 824 3511 ex
837 3453 856 3513 J
858 3472 907 3511 esu
919 3453 1028 3511 Christi
1042 3452 1234 3522 institutione,
1243 3472 1300 3512 nec

103 3549 222 3626 proinde
234 3568 270 3607 ex
282 3548 519 3627 Presbyterorum
531 3551 717 3609 concessione
732 3550 897 3620 derivatam,
913 3571 966 3609 nec
986 3551 1125 3609 ullatenus
1146 3569 1182 3608 ex
1198 3570 1301 3611 eorum

104 3643 276 3720 pendentem
290 3646 402 3705 arbitrio
417 3647 578 3724 significant
590 3666 598 3716 ς
620 3664 716 3705 veram
731 3646 840 3704 scilicet
856 3657 884 3705 et
898 3647 1033 3714 divinitus
1045 3647 1136 3705 datam
1150 3647 1303 3726 regiminis

105 3750 284 3818 potestatem.
327 3743 462 3803 Plurimis
477 3745 506 3802 in
520 3745 591 3803 locis
606 3742 635 3803 id
656 3754 737 3823 urget
757 3755 870 3802 sauctus
891 3755 1009 3822 martyr,
1025 3745 1153 3824 apprime
1174 3765 1302 3805 noscens

105 3856 166 3898 rem
181 3838 386 3910 Christianam,
401 3842 431 3900 in
445 3841 480 3899 iis
495 3842 653 3918 praesertim
666 3842 840 3918 temporibus
854 3842 1033 3919 periculosis,
1049 3862 1086 3903 ex
1107 3862 1221 3903 summe
1237 3826 1303 3903 om·

105 3937 186 3998 nium
200 3938 360 4009 concordia,
375 3960 439 4015 quae
460 3940 635 4018 Episcopali‘
647 3941 785 4018 regimine
806 3940 943 4001 servanda
963 3953 1031 4012 erat,
1046 3944 1203 4022 plurimum
1224 3964 1299 4023 pen·

330 4086 334 4093 x
434 4098 470 4160 (l)
487 4097 544 4148 Aa.
556 4115 595 4147 xx.
606 4115 628 4148 v.
640 4099 679 4148 18.
688 4098 727 4148 95.
739 4097 779 4150 ³1.

430 4182 466 4244 (Ξ)
484 4181 500 4230 l.
512 4182 527 4230 ³
539 4183 594 4232 ads.
605 4183 678 4232 huer.
688 4199 711 4233 c.
722 4183 770 4234 xiv.

432 4266 469 4327 (3)
485 4266 560 4316 Hom.
571 4266 603 4316 44
613 4266 641 4316 in
652 4268 708 4317 Act.

431 4348 467 4409 td)
479 4349 641 4413 Apoc.11.et
657 4349 707 4401 Ill.

431 4432 466 4491 (5)
480 4431 526 4495 Ep.
538 4434 569 4483 sd
582 4433 745 4499 Smyrueuses
758 4435 892 4486 maiiviii.

432 4515 468 4575 (s)
479 4514 557 4564 Trall.
568 4533 605 4580 ep.
620 4517 658 4567 ch.
670 4518 696 4579 ii.

431 4598 468 4659 (7)
478 4597 524 4647 Ch.
533 4598 576 4648 xil.
584 4599 607 4649 3.
