2738 5032
131 226 185 323 sp
448 226 985 305 nesscmruusccausrm.

121 388 272 453 mnndi:
294 402 464 467 quapropter
482 390 634 449 constituto
655 398 762 447 rectore
776 388 826 462 qui
838 389 901 466 ejus
915 387 992 447 vices
1005 394 1123 464 gereret,
1144 399 1307 461 congruum

124 498 183 549 crat
196 496 227 547 ιιι
239 486 288 546 hic
301 486 372 545 alios
386 504 445 545 sus
460 488 605 564 potestmis
619 487 722 545 faceret
735 488 895 563 participes,
910 488 956 543 rel
969 494 1001 543 ut
1013 484 1061 543 elii
1073 482 1216 561 Apostoli,
1240 483 1304 558 ipso

93 616 97 625 ·
122 584 197 651 baud
219 593 363 651 renuente,
393 602 438 643 res
462 585 501 641 ita
525 594 737 661 componerent,
761 602 823 655 ⁴quo
847 593 929 660 pacto
952 582 1080 641 omnium
1104 579 1302 639 Ecclesiamnr

81 1668 146 1891 ι

122 679 272 741 solicitudo
286 681 381 740 minus
395 681 487 757 gravis
509 680 648 739 evaderet.
689 680 837 738 Summam
851 679 1018 757 sapientiam
1032 679 1062 737 in
1076 677 1226 754 aptissimo
1245 673 1305 740 hoc¹

123 777 221 843 ordine
234 777 381 839 statuendo
395 777 510 837 miretur
522 778 643 853 quisque
657 794 774 835 necesse
787 785 842 835 est.

300 1258 303 1263 ⁴
360 1253 397 1311 c.
412 1250 493 1311 xvi.
528 1248 585 1311 nu
606 1250 817 1317 secunus
837 1198 1066 1313 aceessum.
1122 1204 1125 1209 ¹

166 1446 307 1525 Regimen
320 1444 459 1505 Ecclesiae
473 1463 562 1523 penes
577 1446 740 1525 Episcopus
753 1464 828 1513 esse,
843 1444 945 1519 quibus
960 1454 1062 1523 preest
1077 1445 1218 1503 Summus
1229 1442 1303 1502 Pon·

127 1543 208 1629 tifex,
223 1542 418 1621 probavimus:
455 1540 592 1603 Calvinus
607 1539 673 1601 verb
687 1553 717 1601 ut
735 1542 870 1609 laicorum
890 1551 1073 1619 aucuparetur
1088 1541 1218 1619 gratiam
1232 1538 1304 1597 scni-

127 1659 192 1699 ores
213 1639 312 1718 populi
335 1657 401 1697 suas
427 1638 529 1698 habere
550 1649 643 1717 partes
664 1639 696 1697 in
717 1639 848 1699 Ecclesia
867 1637 1005 1715 regenda
1013 1637 1123 1705 docuit;
1166 1628 1305 1705 “Guber-

128 1748 239 1799 natores
267 1737 354 1809 luisse
381 1737 513 1797 existimo
534 1738 661 1796 seniores
687 1756 724 1795 ex
736 1737 833 1817 plebe
860 1735 995 1804 delectos,
1022 1736 1071 1809 qui
1099 1753 1227 1793 censure
1246 1751 1326 1801 mo·¹

130 1856 191 1895 rum
218 1846 247 1894 et
274 1834 437 1895 exercendae
462 1835 618 1913 disciplinae
640 1855 695 1893 una
721 1853 786 1892 cum
807 1834 949 1911 episcopis
971 1833 1172 1911 praeessent.’'¹
1212 1832 1308 1899 West·

131 1934 368 2001 monasterienses
383 1933 547 2011 profitentur
562 1931 708 2017 Christum
723 1932 832 2004 aliquos
852 1941 952 2009 praeter
964 1932 1042 1990 verbi
1061 1932 1219 2000 ministros,
1233 1929 1306 1990 dono

129 2032 340 2111 gubernationis
353 2048 477 2097 ornasse,
492 2040 521 2088 et
534 2030 632 2089 munis
644 2029 824 2089 commisisse
837 2027 914 2102 qnod
934 2029 1053 2107 implere
1066 2029 1180 2109 debent,
1195 2028 1308 2103 quando

130 2128 165 2190 ad
179 2127 208 2187 id
222 2128 325 2187 fuerint
337 2126 437 2193 vocati,
452 2144 516 2185 sese
530 2116 624 2185 socios
637 2126 767 2185 ministro
779 2123 940 2185 exitibeudo
951 2126 980 2183 in
1000 2125 1133 2183 Ecclesia
1153 2108 1310 2203 gebennen

130 2224 190 2307 das·
228 2224 362 2283 Divinam
376 2223 476 2281 horum
492 2222 696 2283 institutionem
716 2220 927 2298 Presbyteriaui
946 2230 1084 2291 nostrates
1098 2221 1230 2281 videntur
1245 2220 1311 2297 rejie

131 2339 208 2386 cere,
220 2319 254 2385 ad
268 2319 405 2397 populum
419 2338 516 2379 eorum
531 2318 669 2396 originem
683 2318 860 2377 referentes.⁸

170 2416 319 2493 Anglicani
332 2415 476 2482 laicorum,
492 2415 575 2485 etiam
597 2415 757 2492 principum
778 2432 986 2490 supremorum,
1006 2412 1117 2475 nullum
1136 2416 1185 2494 jus
1206 2435 1311 2495 agnos·

131 2520 208 2578 cunt,
221 2520 254 2571 ut
267 2519 439 2573 sacramenta
453 2509 657 2585 administrent,
666 2511 712 2569 vel
722 2510 875 2587 predicent
888 2510 1014 2587 verbum,
1026 2511 1078 2570 scd
1091 2531 1184 2593 regam
1194 2513 1311 2590 Anglire

132 2607 162 2667 in
175 2625 227 2665 sua
237 2606 345 2683 ditione
359 2624 520 2683 supremam
534 2607 564 2665 in
578 2625 677 2665 omnes
691 2607 908 2677 Ecclesiasticos
923 2617 951 2665 et
964 2607 1051 2667 laicos
1069 2596 1168 2669 hibere
1188 2612 1315 2671 auctori.

133 2716 229 2774 tatem,
243 2714 272 2769 et
290 2705 320 2763 in
334 2705 426 2763 causis
440 2704 571 2763 omnibns
585 2688 794 2779 Ecclesiasticis
806 2713 834 2763 et
847 2703 1001 2777 ciuilibus,⁴
1008 2690 1135 2783 ipseque
1150 2724 1202 2765 rex
1218 2726 1251 2766 se
1272 2727 1312 2771 ex

133 2806 190 2881 Dei
201 2804 374 2865 ordinatione
384 2822 547 2887 supremum
562 2804 700 2869 Ecclesiae
712 2804 743 2863 in
752 2823 804 2863 suo
818 2822 905 2881 regno
915 2786 1313 2885 Gubernatorempredicat.⁵

133 2903 273 2981 Episcopi
293 2901 409 2976 quidem
429 2901 558 2981 dicuntur
577 2920 674 2979 regere
698 2901 857 2965 Ecclesiam
877 2900 1073 2979 Anglicanam,
1098 2902 1150 2961 sed
1174 2921 1312 2977 madoco·

134 3000 252 3064 tionem,
267 2998 380 3056 comitia
400 2998 508 3075 scilicet
522 2997 681 3067 Generalis,
696 2998 841 3073 inquibus
856 2997 997 3075 Episcopi
1009 3008 1037 3063 et
1050 3000 1217 3078 Presbyteri
1236 3020 1312 3071 seor·

135 3096 189 3161 sim
203 3095 382 3162 conveniunt,
392 3095 493 3153 habere
502 3106 646 3169 nequeunt
658 3097 714 3155 nisi
727 3116 763 3157 ex
778 3097 856 3173 regia
866 3096 997 3175 licentias
1009 3107 1039 3155 et
1052 3108 1154 3157 statute
1167 3086 1234 3173 que
1245 3118 1312 3159 con·

135 3192 256 3255 diderint
268 3190 372 3249 nullam
387 3191 514 3249 obtinent
526 3191 600 3263 rim,
609 3192 665 3250 nisi
679 3192 777 3251 eadem
791 3193 866 3271 ragis
880 3193 1041 3253 auctoritate
1053 3195 1252 3273 munitatipsa
1265 3176 1313 3261 au·

135 3302 192 3350 tem
207 3287 319 3348 numida
339 3306 375 3344 ex
389 3296 514 3363 tempore
528 3287 631 3364 reginae
646 3288 735 3346 Annae
755 3289 849 3349 habite
869 3308 926 3349 nou
947 3299 1023 3358 sunt,
1036 3291 1168 3375 gravibus
1187 3292 1263 3353 inter
1280 3311 1314 3369 ιιι

137 3388 262 3453 dissidiis
276 3403 364 3459 quum
377 3384 549 3451 colliderent
552 3384 563 3418 ⁶
604 3384 762 3445 Οιιιιιιιιιι
754 3406 848 3464 ipsam
862 3386 1088 3465 jurisdictionem
1097 3388 1312 3469 Episcopalsrn

138 3485 294 3563 aprincipe
309 3500 421 3541 manare
435 3481 579 3563 professus
594 3492 646 3551 est,
661 3482 781 3557 ideoque
802 3503 864 3561 eam
885 3483 940 3545 sibi
960 3484 1061 3543 iterum
1081 3486 1201 3553 concedi
1221 3488 1321 3573 (ιιι-ᾔ

139 3581 272 3653 Eduardo
287 3578 338 3637 VI.
342 3597 464 3657 ,puero
462 3577 586 3647 decenni
600 3578 726 3639 Henrico
740 3578 821 3639 Vlll
836 3566 966 3639 suffecto⁷
981 3579 1065 3655 idque
1077 3579 1140 3661 lege
1153 3570 1318 3667 (ιιιιῃῂι,

139 3676 273 3751 claretum
286 3687 338 3735 est.
378 3675 591 3753 Episcopaliani
602 3678 763 3737 Americani
776 3676 915 3761 denegant
925 3676 1038 3739 civilem
1052 3679 1320 3761 Magistrum*

188 3892 198 3938 ι
223 3887 312 3937 lost..
297 3888 300 3895 ’
322 3886 354 3935 iv.
365 3903 386 3937 c.
397 3886 432 3937 iii.
443 3903 468 3937 u.

166 3891 212 4031 {2}
223 3970 386 4034 Presbyteri'al
396 3968 471 4025 Form
461 3887 511 4020 'df
515 3971 615 4022 Church
626 3971 800 4034 Government,
810 3972 982 4027 westminster
992 3975 1168 4029 Confemion

177 4054 237 4117 (³)‘
238 4052 346 4117 ‘liuling
357 4054 435 4102 eldsrs
446 4070 486 4103 are
497 4055 609 4118 properly
620 4055 661 4103 the
677 4056 877 4118 representatives
894 4057 924 4106 of
935 4057 976 4106 the
990 4060 1080 4123 people‚
1091 4061 1182 4112 ohossn
1199 4067 1232 4133 by
1248 4066 1315 4139 thom

144 4142 181 4191 sor
189 4137 230 4187 the
241 4150 343 4239 purpose
351 4135 381 4191 of
386 4137 522 4201 exercising
531 4144 690 4202 governrnent
700 4138 748 4187 and
759 4139 910 4203 discipline,
904 4155 929 4189 tn
941 4143 1095 4205 conjunctiora
1105 4144 1166 4193 with
1177 4148 1273 4210 pistore
1288 4164 1317 4199 or

146 4215 293 4277 ninistersss’
326 4215 399 4266 Form
410 4219 617 4278 ofGovernment,
627 4220 696 4271 ch..r
878 4226 882 4235 ¹

180 4303 216 4365 (4)
232 4299 287 4350 Αιι.
297 4298 384 4347 xxxvii·
396 4299 457 4348 inter
469 4301 582 4355 articulos
598 4302 741 4367 Religionis.
898 4342 903 4351 .

180 4387 217 4448 (5)
233 4383 282 4433 His
292 4381 420 4446 Mejesty's
432 4380 595 4444 Declsrstion,
604 4386 709 4448 prefixed
720 4393 745 4435 to
756 4386 797 4435 the
808 4387 922 4439 Articlcs.

182 4470 219 4534 (6)
236 4464 344 4516 Histoire
355 4463 523 4529 d'Angleterre
532 4484 575 4533 par
587 4468 623 4518 Μ.
632 4471 661 4519 de
672 4469 798 4530 Marles,2
809 4471 853 4522 vol.
864 4489 885 4521 c.
896 4472 927 4521 vi.
941 4490 963 4538 p.
976 4473 1029 4523 16³.

183 4556 220 4617 (l)
231 4550 293 4601 Vide
304 4547 433 4614 Lingard's
444 4548 546 4615 Histnry
558 4551 587 4601 οι
593 4552 714 4619 Enpland,
725 4555 771 4605 vol.
782 4556 804 4615 7,
816 4572 837 4620 p.
848 4555 880 4605 22
890 4563 915 4608 et
930 4550 1003 4622 prid,
1012 4559 1258 4619 emericum
1278 4596 1282 4601 -
