2738 5032
411 237 419 248 ’
446 283 503 343 oa
527 280 836 349 nuvnenrrerva.
1216 288 1254 344 ιι.

87 436 165 510 pendet
177 439 342 510 incarnatio,
357 443 434 514 qued
454 442 534 503 Deus
553 442 663 501 scilicet
680 440 768 501 berae
781 442 820 500 sit
833 442 932 511 sactus,
948 443 978 502 in
992 461 1049 517 que
1063 452 1139 503 ιιιιιιι
1158 441 1253 506 elucet

86 531 124 592 ou
142 537 307 615 benignitas,
322 539 491 614 utflaffectus
512 540 602 607 nostri
624 558 725 599 omnes
746 538 780 597 ad
806 539 899 598 Deum
925 539 1089 599 evehantur.
1131 540 1166 600 In
1185 541 1251 619 ipae

84 635 195 706 nysterie
223 634 371 693 Trinitatis
399 636 541 695 adorande
570 636 697 693 maxima
720 637 861 711 reperitur
887 636 1002 705 utilitas,
1031 635 1140 695 beme
1143 637 1250 714 quippe

82 740 162 798 quae
171 732 318 803 intervallo
331 732 415 792 Deus
421 753 438 789 a
449 734 582 795 creatoris
595 732 680 790 distet
693 734 787 802 sentit,
799 733 883 849 eique
894 733 1149 810 profundissimum
1160 733 1249 794 ιιιιιιιι

31 820 34 825 ’
82 824 225 900 obsequium
240 830 371 889 exhibet.
490 890 493 895 ,

103 924 166 1004 onj.
181 931 210 985 8
234 927 314 986 Deus
334 929 485 1005 pleresque
507 929 607 986 saltem
629 910 761 987 hemines
782 947 833 1005 per
855 929 951 987 emnia
971 928 1029 987 fere
1049 928 1154 989 semla
1172 946 1250 988 rave·

80 1014 161 1081 bbene
181 1045 277 1101 carere
296 1025 384 1099 sivit:¹
409 1026 438 1084 id
459 1036 552 1085 autem
582 1036 657 1084 certe
686 1045 753 1087 nen
773 1024 955 1107 contigisset
952 1026 985 1083 si
1005 1025 1062 1087 ulla
1080 1026 1154 1086 facta
1173 1037 1251 1085 canet

80 1119 232 1178 revelatio.
332 1181 336 1188 ,

105 1212 183 1295 Reap.
206 1199 287 1276 Deus
309 1237 515 1292 numquame
485 1196 598 1292 rme
618 1219 749 1278 beminen
769 1170 877 1292 absque
898 1185 1060 1279 necessarie
1079 1219 1129 1278 ille
1150 1218 1249 1281 ιιιιιιίι

10 1334 12 1353 ¹
79 1300 193 1382 obsidio,
206 1317 336 1389 quamvis
350 1318 499 1393 plerasque
513 1327 611 1394 gentes
624 1318 701 1398 juste
713 1336 766 1375 sue
776 1317 887 1394 judicie
898 1317 1099 1375 revelationis'
1090 1318 1250 1394 vgemantia
1281 1373 1285 1379 .

10 1398 12 1425 ⁵
78 1423 114 1480 per
132 1410 239 1487 aliquot
260 1415 372 1481 saecu'la
391 1415 517 1472 laborare
545 1416 652 1472 siverit.
694 1416 767 1472 nb·
760 1415 841 1473 rnitie
862 1414 977 1488 quidem
998 1416 1110 1493 generis
1131 1414 1249 1477 humani

76 1502 214 1585 parentine
227 1492 428 1579 manifestavit,
444 1513 493 1584 qui
515 1511 551 1568 ad
572 1522 701 1586 posteros
723 1504 857 1570 divinitus
880 1512 993 1575 traditas
1008 1514 1139 1571 veritates
1160 1525 1250 1572 umo-

74 1601 166 1663 unere
174 1605 253 1665 haud
262 1608 398 1684 neglexit
440 1607 485 1665 Ad
494 1591 636 1666 diluvlbm
649 1625 755 1685 usquc,
765 1620 815 1682 per
827 1609 903 1666 mille
915 1619 1066 1669 sexcentos
1078 1609 1136 1667 sere
1147 1629 1248 1677 mnes,

72 1686 233 1771 revelationis
254 1704 355 1765 notitia
374 1704 502 1795 integra
497 1703 606 1760 videtur
626 1702 778 1791 mansisse,
794 1721 857 1774 quae
872 1705 957 1761 ctiam
968 1724 1023 1781 per
1037 1704 1103 1763 Noe
1118 1717 1248 1782 posteros

70 1803 102 1852 est
102 1810 280 1876 propagata.
310 1790 418 1869 Quum
433 1801 501 1858 vitia
518 1800 653 1876 deinceps
675 1799 891 1871 invalescerent,
906 1800 969 1875 ejus
983 1802 1190 1869 conservationi
1204 1815 1249 1863 cot
1323 1840 1326 1848 ·

67 1893 226 1974 censrrltum,
241 1913 277 1952 ea
289 1886 491 1969 Abrabamo
466 1915 595 1971 ejusque
599 1896 721 1972 pesteris
736 1893 936 1985 incustoditum
957 1895 1119 1970 specialiter
1138 1897 1247 1967 tradita,

65 1997 88 2045 et
102 1968 212 2068 legibus
232 1992 389 2064 ritibusque
411 1991 547 2072 plurimis
562 2008 612 2067 per
634 1992 760 2068 Meysen
781 1974 911 2049 munita
941 1991 1007 2048 Nec
1025 1998 1120 2053 ιιιιιθιι
1137 1994 1248 2053 caeteris

62 2087 183 2161 gentibus
197 2097 243 2144 cst
248 2086 410 2164 denegata;
433 2107 485 2145 nec
500 2086 575 2147 enim
591 2088 684 2145 statim
700 2074 745 2144 vel
759 2087 840 2144 sacile
855 2086 930 2163 apud
944 2104 993 2144 aas
1007 2086 1157 2184 primitivae
1169 2106 1259 2156 reve,

57 2172 174 2257 lationis
169 2184 306 2260 vestigia
327 2183 423 2241 deleta
444 2183 535 2241 sevisse
557 2184 718 2241 verosimile
739 2187 807 2243 cst.¹
847 2183 991 2241 Caeterum
1016 2200 1152 2267 magnam
1168 2186 1246 2244 orbis

58 2268 160 2362 partem
175 2280 319 2365 perplura
333 2257 445 2339 saecula
446 2279 508 2348 Dei
524 2280 582 2336 veri
595 2279 753 2359 ignorantia
766 2279 942 2346 laborasses
935 2298 994 2336 rme
1006 2280 1160 2340 etiamnum
1170 2282 1251 2349 labeo
1277 2360 1280 2364 ,

57 2394 123 2444 rare,
132 2375 319 2463 dissimulare
339 2395 397 2434 nen
415 2395 584 2453 pessumus,
599 2395 656 2448 qua
670 2377 718 2439 ιιι
722 2394 753 2432 re
767 2375 863 2441 divina
885 2375 960 2433 haud
982 2376 1108 2437 valemus
1128 2381 1247 2441 scrutari

55 2473 168 2560 judicia,
210 2472 253 2532 Id
257 2486 352 2532 autem
366 2484 442 2532 certe
463 2484 573 2540 constat
578 2450 724 2543 hemines
740 2474 789 2545 qni
810 2474 917 2546 absque
937 2493 999 2531 aua
1003 2474 1087 2552 culpa
1100 2476 1255 2541 revelatio·
1320 2516 1322 2521 -

57 2589 117 2628 nem
136 2569 340 2654 ignoraverint,
355 2570 465 2627 nullam
476 2588 509 2643 ea
520 2553 557 2627 de
572 2587 661 2633 causa
671 2569 813 2627 subituros
827 2587 938 2646 paenam
949 2570 1033 2646 juxta
1045 2570 1116 2635 illud
1137 2572 1240 2633 Pauli:

57 2667 265 2739 “Quicumque
280 2667 355 2724 enim
370 2666 432 2724 sine
444 2665 515 2742 lege
537 2654 733 2742 peecaverunt,
749 2667 811 2723 sine
828 2666 891 2748 lege
905 2666 1048 2742 peribunt.
1050 2665 1085 2700 ”²
1125 2667 1252 2733 Constet·

56 2782 166 2837 queque
185 2762 303 2829 Deum,
317 2761 518 2835 revelationem
535 2762 631 2845 ,nullis
655 2743 914 2837 circumscripsisse
939 2760 1096 2839 limitibus,
1112 2762 1164 2820 scd
1192 2763 1245 2827 teti

56 2837 176 2925 humano
196 2858 294 2935 generi
314 2872 365 2934 per
385 2858 492 2933 primes
507 2857 644 2934 hemines
666 2848 948 2943 communicassc,·et
967 2866 1066 2932 gentes
1086 2859 1130 2914 sui
1152 2859 1245 2918 cultus

56 2955 151 3013 oblitas
166 2953 202 3019 ad
223 2973 263 3011 se
277 2941 422 3020 beneficiis
443 2970 574 3017 revocare
596 2951 771 3008 veluisscz‘
775 2951 843 3022 ‘qui
864 2950 916 3026 (ut
930 2948 1012 3008 tradit
1030 2951 1062 3008 S
1075 2951 1222 3031 Paulus)'
1213 2974 1258 3021 ιιιΙ
1281 2958 1284 2963 ’

12 3034 19 3042 ’
56 3053 198 3128 preteritis
228 3034 456 3144 generationibus
484 3049 594 3107 dimisit
621 3067 722 3106 ornnes
748 3057 847 3135 gentes
876 3047 986 3133 ingredi
1006 3049 1066 3108 vias
1088 3069 1164 3120 suas,
1185 3071 1246 3113 nen

55 3149 113 3207 sine
119 3149 302 3207 'testimonie
304 3149 431 3232 seipsum
445 3146 568 3224 reliq-uit,
584 3145 764 3203 benefaciens
778 3144 812 3202 de
827 3145 910 3214 coele,
923 3145 992 3202 dans
1007 3145 1119 3222 pluvias
1132 3158 1161 3207 et
1174 3159 1243 3215 tem,-

55 3265 118 3323 pora
131 3246 284 3314 fructifera,
300 3245 422 3322 implens
443 3245 506 3302 c'ibo
526 3254 555 3300 et
564 3242 671 3320 laetitia
690 3242 776 3300 cerda
795 3235 938 3300 nostra.''8
977 3243 1069 3301 Jure'
1061 3245 1146 3321 agitur
1160 3247 1243 3304 meri·
1265 3301 1267 3305 ,

55 3353 135 3417 teque
156 3343 328 3421 scripsitS.
348 3337 494 3419 Prosper
534 3316 756 3400 “Secundum'
749 3358 841 3415 rpsam
862 3339 1038 3417 Scriptorum
1058 3341 1243 3403 credimuset

54 3441 180 3516 piissime
195 3441 373 3506 confitemur,
389 3437 476 3510 qued
486 3455 641 3508 numquam
662 3432 837 3493 universitati
857 3435 1005 3494 hominum
1025 3435 1127 3511 dipinae
1131 3439 1242 3514 previ·

54 3531 152 3596 dantiae
167 3556 235 3595 cura
249 3533 377 3602 desuerit,
391 3534 459 3592 licet
471 3551 561 3623 concep
565 3543 623 3588 tum
644 3531 699 3607 sibi
720 3531 859 3624 populum
873 3532 1042 3619 specialibus
1057 3531 1092 3588 ad
1103 3532 1238 3608 pietatem

53 3634 184 3692 institutis
199 3632 349 3698 direxerit,
358 3631 427 3689 nulli
449 3640 542 3687 ιιιιιιιιι
563 3628 670 3685 nationi
690 3616 840 3686 hominum
860 3614 992 3684 bonitatis
1013 3646 1071 3685 suae
1086 3627 1161 3688 dona
1175 3633 1240 3690 sub·

53 3730 153 3788 traxit?
156 3730 180 3764 ’⁴

90 3826 206 3888 Factam
228 3808 293 3886 esse
316 3847 332 3884 a
353 3826 416 3884 Dee
438 3801 637 3890 revelationem
659 3821 771 3883 suaderi
792 3832 886 3897 potest
904 3796 1076 3899 argumentis
1097 3824 1153 3881 illis
1175 3845 1253 3899 quae,
1310 3842 1313 3846 ⁴
1347 3863 1351 3874 ι

48 3926 147 3996 leviter
168 3925 326 4001 attigimus,
363 3921 512 3979 Reusseau
535 3917 679 3983 contendit
699 3937 743 3975 res
765 3936 836 3990 quac·
849 3917 1135 4001 revelatae'dicuntur
1154 3913 1237 3980 ratic·

49 4022 100 4081 nis
119 4023 221 4080 trutina
246 4018 403 4098 pensandas
425 4021 499 4085 asse,
521 4028 671 4088 antequam
697 4016 731 4070 iis
756 4033 888 4070 assensus
914 4025 1078 4091 praestatum
1108 4017 1237 4092 rejicien.

47 4119 97 4177 das
115 4113 238 4195 ⁴preinde
256 4117 286 4173 si
307 4125 448 4188 nequeant
469 4132 544 4193 cum,
557 4132 591 4169 ea
615 4111 769 4177 conciliari,
782 4129 979 4194 ¹quaecumque
1003 4111 1128 4184 alioquin
1151 4113 1236 4173 addu-

45 4210 144 4274 cantur
163 4209 265 4273 divina
295 4211 413 4288 originis
441 4211 607 4294 ιιιιιιιιιιιιιι.5
648 4208 789 4282 Theolegi
819 4206 964 4291 Catholici
991 4207 1235 4291 illudprcevium

46 4313 174 4414 ratiepis
188 4317 309 4414 eramen
330 4308 431 4367 merite
452 4290 625 4378 declinant,
624 4323 710 4377 quum
734 4303 829 4365 div-ina
851 4303 969 4360 consilia
990 4305 1127 4395 rationem
1149 4308 1234 4385 longe

73 4446 112 4506 ·(l)
131 4440 205 4494 Fallit
215 4441 317 4490 omnine
327 4440 408 4502 Pciec
420 4439 524 4488 dicando
534 4455 564 4486 ex
576 4436 713 4501 Religionis
728 4435 875 4483 Christianus
892 4435 1019 4499 principiis
1030 4439 1099 4500 sequi
1109 4439 1234 4528 universes
1269 4446 1270 4451 ’

42 4531 97 4581 sere
108 4531 219 4607 homines
230 4543 272 4592 per
283 4517 386 4593 quatuor
398 4524 457 4573 mill
452 4542 476 4574 ra
487 4510 607 4573 annerum
620 4523 749 4583 damnatos
760 4536 820 4569 esse.

209 4616 218 4673 (
219 4606 333 4673 2)Rem.
344 4609 373 4658 2.
378 4595 446 4658 le.
492 4598 494 4604 ’
592 4607 627 4668 (4)
646 4606 683 4654 De
695 4605 820 4654 vocatione
831 4605 992 4677 gentique?
986 4621 1001 4654 ι.
1012 4605 1071 4654 ct2.

209 4695 318 4755 (3,)Act
331 4692 418 4750 1415.
590 4683 627 4752 (5)
643 4687 725 4738 Evvtile
743 4688 843 4754 passim.
