2768 5032
114 244 174 335 arr
481 271 537 331 na
559 270 686 330 noris
706 254 934 331 accinens.

115 441 219 511 negant
232 431 323 495 civilis
339 432 516 509 magistratus
530 431 559 488 in
580 430 664 488 rebus
683 448 759 488 mere
774 429 964 507 spiritualibus
979 436 1155 504 potestatem,
1178 425 1299 484 Athana·

114 530 225 597 sianum
247 529 379 606 rejiciunt
391 528 565 604 symbolum,
585 525 749 584 absolvendi
770 527 834 592 ritu,
850 544 906 583 una
927 544 992 583 cum
1013 525 1187 591 auctoritate,
1202 541 1296 581 carere

115 626 220 695 volunt,
233 625 353 700 ideoque
362 626 443 683 facile
455 627 489 682 ab
500 643 534 682 ea
547 624 764 702 distinguuntur.
787 622 867 681 Idem
879 622 913 681 de
929 621 1042 681 Scotica
1055 621 1188 680 Ecclesia
1200 631 1220 657 ‘⁶
1230 620 1295 679 kirlr

113 723 148 781 ol
164 723 319 782 Seotland’'
336 721 486 783 dicendum
500 722 630 780 occurrit.

152 820 321 900 Apostolica
334 822 418 879 etiam
432 821 559 879 noscitur
571 819 703 879 Ecclesia
714 838 751 877 ex
761 819 910 878 notissima
923 817 1056 877 doctriua
1070 817 1248 892 antiquitate,
1259 835 1297 875 ex

101 918 234 977 solenni
248 918 442 977 Ordinatiouis
462 917 527 985 ritu,
543 917 604 974 sine
626 934 683 990 quo
697 935 782 975 nemo
794 916 831 975 ad
851 935 931 975 sacra
951 934 1070 975 munera
1083 913 1250 981 admittitur,
1264 931 1302 971 ex

113 1015 251 1073 constanti
269 1012 478 1090 Episcopomm
494 1012 685 1080 successione,
701 1012 860 1088 presertim
870 1012 900 1070 in
921 1012 1001 1071 Petri
1015 1009 1159 1078 cathedra,
1174 1027 1239 1083 quse
1252 1026 1298 1067 res

12 1184 15 1189 Ι
112 1128 170 1169 non
184 1110 279 1169 minus
294 1119 370 1187 patet
377 1129 410 1167 ac
424 1108 577 1186 presidum
591 1108 753 1185 reipublice
767 1118 870 1168 nostra
883 1109 982 1167 series.

152 1204 247 1265 Facile
262 1217 355 1264 autem
370 1206 490 1280 quisque
505 1205 584 1263 novit
596 1214 688 1263 sectas
709 1223 767 1262 non
780 1223 844 1263 esse
856 1205 1046 1282 Apostolicas,
1059 1213 1208 1262 auctorum
1223 1202 1301 1261 enim

113 1323 228 1363 suorum
244 1305 410 1381 plerumque
424 1302 518 1361 ierunt
530 1302 656 1370 nomina,
672 1302 720 1360 vel
733 1302 787 1360 alia
801 1308 864 1376 quae
878 1312 976 1361 notant
990 1294 1130 1380 principia
1143 1302 1177 1359 ab
1192 1301 1229 1359 iis
1238 1319 1302 1378 pro·

113 1413 256 1481 pugnata:
272 1413 301 1460 et
315 1412 437 1477 tempus,
452 1400 544 1468 locus,
559 1410 587 1458 et
600 1398 732 1478 adjuncta
744 1400 863 1479 originis
878 1410 973 1469 secter,
984 1399 1058 1458 fama
1067 1399 1191 1476 publica,
1204 1408 1234 1471 et
1246 1398 1304 1457 his·

113 1499 184 1558 toria
199 1509 279 1564 teste,
293 1497 483 1555 innotescunt.

152 1594 171 1655 J
174 1612 222 1651 ure
236 1593 323 1670 igitur
333 1593 380 1652 hae
394 1592 575 1670 adsignantur
588 1602 661 1652 notar
676 1613 750 1652 verae
765 1593 914 1662 Ecclesia,
931 1550 1029 1670 utpote
1042 1592 1147 1651 rationi
1167 1592 1303 1670 probate,

117 1693 301 1769 Scripturis
294 1693 410 1760 mnirrae,
426 1703 455 1750 et
474 1711 547 1766 quae,
563 1694 719 1771 conjuncte
734 1694 845 1763 saltem,
860 1693 915 1751 soli
929 1711 1003 1751 verae
1023 1691 1165 1751 Ecclesia
1185 1701 1308 1770 possunt

11 1852 17 1872 1
114 1791 275 1855 convenire.

152 1888 171 1947 J
173 1893 294 1949 amrerd
303 1908 390 1963 quum
405 1890 449 1947 hae
464 1900 538 1947 notae
552 1908 568 1947 e
583 1890 728 1967 Scriptura
737 1889 912 1966 colligantur,
925 1842 1000 1966 patet
1013 1889 1098 1947 licere
1111 1907 1178 1947 cnm
1193 1889 1306 1967 Augus-

113 1985 173 2047 tino
187 1986 334 2045 hereticos
349 2004 448 2045 omnes
464 1998 492 2044 et
506 1986 703 2045 schismaticos
718 1987 752 2045 ab
767 1986 900 2045 Ecclesia
913 1985 1021 2045 alienos
1036 1987 1165 2063 probare,
1178 2005 1215 2045 eo
1230 1985 1313 2061 quod*

116 2103 182 2158 quse
211 2084 245 2143 de
274 2083 384 2142 Christi
412 2079 545 2143 Ecclesia
578 2084 730 2160 Scriptura
757 2084 988 2157 manifestissime
1016 2084 1137 2153 tradunt,
1166 2085 1225 2162 ipsi
1251 2070 1318 2144 non

114 2191 235 2241 teneant.
262 2181 1030 2259 “TotusChristus,”inquitpraeclarissimusDoctor,
1041 2192 1304 2261 “caputeteorpue

113 2290 167 2340 est.
209 2278 305 2357 Caput
325 2280 487 2356 unigenitus
509 2279 565 2337 Dei
586 2280 672 2347 filius,
695 2289 723 2338 et
747 2298 851 2356 corpus
876 2280 938 2356 ejus
963 2279 1104 2348 Ecclesia,
1126 2299 1252 2358 sponsus
1280 2289 1308 2338 et

114 2394 230 2451 sponsa,
245 2375 301 2434 duo
316 2376 345 2435 in
360 2375 454 2434 Carne
465 2395 531 2433 una.
573 2376 754 2449 Quicumque
769 2376 804 2435 de
819 2377 882 2453 ipso
896 2376 999 2454 capite,
1015 2377 1049 2434 ab
1060 2377 1212 2454 *scripturis
1226 2396 1307 2437 sanc·

114 2471 150 2537 tis
165 2454 344 2537 dissentiunt,
359 2471 444 2530 etiam
458 2472 483 2527 si
498 2471 528 2528 in
548 2472 681 2528 omnibus
701 2472 773 2528 locis
795 2456 974 2530 inveniantur
996 2473 1028 2531 in
1048 2473 1153 2546 quibus
1173 2472 1309 2533 Ecclesia

114 2564 261 2642 designata
281 2575 333 2634 est,
349 2585 406 2623 non
420 2575 486 2623 sunt
499 2567 529 2624 in
543 2566 684 2625 Ecclesia.
726 2568 767 2626 Et
779 2585 876 2625 mrsns
890 2569 1063 2641 quicumque
1078 2564 1136 2627 de
1127 2587 1191 2646 ipse
1207 2571 1309 2647 capite

117 2663 273 2741 scripturis
278 2663 383 2722 sanctis
403 2664 594 2734 consentiunt,
609 2675 638 2722 et
657 2665 756 2723 unitati
776 2666 915 2725 Ecclesiae
935 2686 993 2747 non
1014 2666 1231 2734 communicant,
1246 2685 1311 2727 non
1368 2686 1372 2697 ⁸

115 2774 181 2823 sunt
202 2764 231 2821 in
253 2764 401 2831 Ecclesia,
424 2762 545 2837 quiade
567 2763 677 2823 Christi
698 2780 827 2842 corpore,
842 2763 919 2839 quod
939 2774 997 2823 est
1002 2746 1217 2837 Ecclesia,ah'
1208 2766 1307 2843 ipsius

115 2861 223 2919 Christi
236 2861 429 2919 testificatione
441 2859 620 2919 dissentiunt
663 2862 843 2941 Quicumque
858 2861 975 2920 credunt
988 2860 1104 2934 quidem
1115 2860 1192 2936 qnod
1203 2860 1309 2921 Chris
1376 2900 1380 2907 ·

44 2982 46 2993 ·
114 2967 159 3016 tus
173 2958 292 3027 Jesus,'
285 2970 323 3016 ita
337 2970 368 3016 ut
381 2958 486 3017 dictum
508 2970 561 3027 est,
577 2959 607 3019 in
627 2978 712 3018 carne
733 2960 850 3027 venerit,
867 2970 895 3018 et
915 2961 945 3020 in
965 2960 1065 3019 eedem
1085 2979 1180 3030 carne,
1201 2960 1241 3021 in
1253 2980 1313 3036 qua

114 3067 196 3114 natus
211 3066 238 3112 et
252 3073 354 3130 passus
368 3066 421 3131 est,
435 3057 634 3124 resurrexerit,
645 3068 673 3115 et
688 3058 750 3134 ipse
765 3058 802 3117 sit
815 3057 906 3115 Filius
922 3057 987 3126 Dei,
1004 3058 1083 3117 Deus
1098 3057 1174 3135 apud
1197 3057 1312 3129 Deum,

113 3162 221 3211 etcum
235 3151 318 3210 Patre
334 3170 432 3220 unum,
447 3162 476 3209 et
489 3153 718 3223 incommutabile
733 3155 864 3231 Verbum
875 3156 977 3224 Patris,
992 3175 1044 3233 per
1057 3154 1134 3229 quod
1153 3156 1312 3217 factasunt

114 3249 228 3321 omnia,
250 3248 301 3307 sed
323 3258 416 3306 tamen
437 3250 471 3305 ab
492 3249 704 3327 ejus-corpore,
720 3249 797 3325 quod
811 3262 855 3310 est
869 3244 1010 3321 Ecclesia,
1026 3254 1065 3311 ita
1080 3252 1265 3324 dissentiunt,
1279 3264 1312 3315 nt

115 3366 213 3415 eorum
228 3345 400 3413 communio¹
412 3364 469 3403 non
484 3345 522 3409 sit
536 3364 601 3404 cum
625 3355 683 3407 toto
698 3366 877 3422 quacumque
899 3348 1075 3418 diffunditur,
1089 3348 1141 3408 sed
1165 3350 1196 3408 in
1217 3351 1317 3426 aliqua

116 3454 193 3521 parte
207 3452 334 3520 separata
347 3441 522 3514 inveniatur3
544 3442 726 3503 manifestum
741 3455 784 3501 est
797 3463 848 3502 eos
870 3464 927 3503 non
948 3464 1012 3503 esse
1033 3447 1063 3505 in
1079 3446 1230 3507 catholica
1251 3448 1312 3507 Ec·

103 3532 248 3607 'atesim
287 3538 356 3597 Jure
371 3537 480 3614 optimo
493 3536 561 3596 dicit
582 3539 772 3615 “Ecclesiam
788 3552 846 3599 toto
858 3543 924 3599 orbe
940 3541 1084 3610 diffusam,
1097 3561 1159 3614 qnae
1175 3528 1319 3602 manitas?

116 3634 233 3693 tissimis
245 3635 453 3712 scripturarum
468 3635 665 3694 canonicarum
677 3638 850 3695 testimoniis
865 3638 1011 3715 designata
1022 3651 1050 3696 et
1064 3658 1202 3715 expressa
1215 3641 1311 3700 est.’·'¹¹

118 3716 137 3769 ‘t
149 3730 237 3789 Nullo
252 3732 401 3808 interprete
414 3730 540 3809 indigent
550 3734 749 3791 canonicarum
763 3734 972 3811 scripturarum
985 3736 1149 3794 testimonia
1160 3755 1224 3811 quae
1232 3756 1317 3815 com·

92 3842 95 3849 '
116 3828 251 3889 mendant
264 3828 426 3889 Ecclesiam
440 3831 469 3888 in
484 3831 572 3888 totius
584 3832 661 3891 orbis
675 3833 875 3894 communione
890 3834 1099 3893 consistere.’'⁸·
1209 3904 1212 3910 Ι

157 3927 242 3986 Note
256 3928 310 3986 iltoe
322 3947 385 4002 quae
397 3939 499 3987 tantam
511 3929 652 3988 habent'
625 3949 683 3989 vrm
696 3938 791 3989 contra
802 3916 949 3991 haereticos
959 3934 1183 4013 Scripturarn'm
1181 3934 1313 4005 divinam

99 4078 101 4083 ,
115 4024 308 4087 auctoritatem
323 4020 518 4101 agnoscentes,
534 4025 692 4083 inserviunt
705 4026 800 4096 ctiam,
813 4039 843 4085 nt
852 4029 913 4105 jam
928 4031 1034 4107 saepius
1046 4029 1185 4099 diximus,
1200 4031 1315 4091 infideli

115 4133 148 4183 ut
162 4120 310 4183 suadeatur
324 4120 397 4180 hanc
417 4140 481 4179 esse
503 4122 673 4181 Societatem
696 4142 781 4196 quam
803 4124 935 4184 Christus
957 4126 1086 4196 instituit,
1108 4127 1189 4199 fideli
1211 4139 1312 4191 antem

117 4221 208 4299 magis
236 4217 388 4295 magisque
410 4219 572 4279 Ecclesiam
596 4220 807 4304 commendant,
836 4222 979 4297 fidemque
1004 4226 1148 4285 roborant.
1189 4227 1313 4302 Absque

413 4428 448 4490 (l)
462 4428 500 4478 De
511 4399 572 4479 unit.
585 4429 654 4480 Eccl.
665 4430 709 4481 col.
719 4430 774 4492 ³41,
784 4432 820 4482 t.'
813 4449 846 4482 rx.
961 4424 964 4432 ’

304 4522 307 4527 ·
409 4511 515 4573 (mcor.
521 4513 615 4563 are..
870 4529 872 4533 ·

410 4595 446 4657 (a)
459 4596 512 4646 cor.
523 4597 580 4646 am.
