2738 5032
351 110 593 197 nn-snuu'nu
615 114 660 175 ιιι
681 112 786 177 eona
807 114 1024 177 secanam.
1223 122 1280 178 aar

85 280 186 333 eonem
200 273 275 332 male
284 292 384 352 opera.
388 273 421 311 ”⁴
461 272 542 332 Deus
557 282 689 337 “omnes
704 272 836 331 hemines
850 275 910 331 vult
920 275 1017 349 salem
1029 274 1103 344 ιιοιι,
1117 285 1147 333 et
1157 272 1282 354 adagni-

83 368 196 433 tionem
204 373 327 434 veritatis
339 369 483 460 venire,”⁹
493 370 626 444 ideoque,
638 371 698 442 qui,
708 371 772 429 deta
781 372 945 440 occasione
957 372 1102 432 ιιιιιιιιιιιι
1111 392 1169 433 nen
1179 392 1281 451 agnes·

83 478 161 536 cunt,
180 486 234 525 sue
247 469 317 526 vitio
331 469 428 526 lumen
442 454 556 529 caeleste
570 462 735 524 excludunt.
776 466 944 525 Intellectus
955 469 1127 528 '‘humanus
1118 490 1151 533 m
1163 490 1195 528 se
1208 470 1281 530 liber

82 571 143 623 ιιοιι
156 575 211 632 est,
226 568 315 637 q'uum
326 565 366 622 sit
373 563 548 641 percipiendi
560 564 698 639 petentia,
710 562 762 622 sad
773 563 851 621 adeo-
857 583 924 622 cum
935 566 1077 625 voluntate
1089 568 1278 637 oonnsetltur,

82 673 114 721 ut
127 678 166 720 ex
180 681 215 720 ea
225 653 379 739 plurimum
393 663 530 739 pendeat:
546 661 611 719 ideo
625 661 783 738 culpandus
797 672 842 719 est
854 663 952 730 homo,
967 666 1028 737 qui,
1043 683 1159 741 pravam
1173 666 1279 725 sovana

82 761 269 828 voluntatem,
284 759 319 818 da
334 760 601 836 rebusReligienis
622 760 745 835 cogitare
765 758 893 837 negligit,
915 773 1072 836 precesque
1087 762 1161 830 Dee,
1182 763 1278 823 omnis

81 857 151 914 doni
166 857 301 935 largitori,
323 856 452 924 hindere,
467 865 499 913 ιιι
511 856 580 913 velit
593 874 645 913 sun
658 855 766 915 lumine
780 868 906 914 mentem
917 857 1075 926 illustrare3
1097 868 1126 916 et
1149 860 1198 932 qui
1219 878 1278 919 non

80 972 169 1017 omne
193 953 307 1037 adhibet
327 943 454 1011 studium
469 953 499 1020 in
513 952 612 1010 salutis
634 944 759 1029 negotio,
801 952 833 1010 si
855 952 985 1024 quedam
1005 954 1114 1034 rejiciat
1134 953 1276 1032 dogmata,
1307 1010 1310 1015 .

79 1070 141 1110 non
155 1051 186 1109 id
200 1037 429 1128 argumentorum
443 1050 556 1109 delectu
569 1050 717 1126 contingit,
731 1066 798 1106 nam
813 1050 910 1129 omnia
922 1049 1057 1128 dogmata·
1073 1049 1174 1109 eedem
1186 1051 1278 1110 nitun·

78 1159 126 1207 tur
148 1131 205 1206 'nei
225 1147 406 1214 auctoritate;
426 1164 481 1206 nec
499 1146 539 1204 ad
559 1147 635 1204 vires
655 1140 788 1231 infirmas·
805 1147 909 1225 meritis
930 1146 1109 1206 referendum
1131 1157 1185 1214 est,
1208 1164 1276 1207 nam

76 1245 228 1322 simplices
242 1256 270 1303 et
283 1245 427 1321 sapientes
442 1243 565 1311 veritatis
577 1242 680 1313 diuina
693 1252 857 1319 argumenta
867 1244 1026 1303 cerdasima
1036 1252 1209 1322 agnoscenti
1225 1243 1277 1303 e'ed

76 1358 119 1400 ex
134 1343 224 1400 nimia
235 1342 281 1400 sui
295 1341 408 1408 fiducia,
419 1341 465 1397 vel
478 1338 661 1416 prejudiciis,
673 1339 719 1395 vel
732 1350 848 1413 terrene
862 1340 988 1399 utilitatis
1000 1340 1104 1409 studio,
1115 1341 1161 1398 iel
1171 1340 1227 1399 alio
1238 1326 1276 1399 en

75 1439 175 1516 capite
189 1437 356 1515 hujusmodi
370 1435 539 1514 plerumque
559 1437 656 1494 oritur.
698 1435 814 1507 Infinita
833 1436 1104 1501 illeseutentiarum
1124 1437 1275 1503 diversitas

71 1536 245 1605 excusanda
258 1546 332 1597 certe
346 1536 428 1615 sonet,
440 1535 467 1593 si
480 1532 560 1593 Deus
571 1532 616 1593 nil
628 1533 795 1607 revelasset,-
807 1531 852 1590 vel
864 1535 1044 1596 revelationis
1059 1535 1135 1594 haud
1148 1535 1276 1594 dedisset

70 1632 204 1700 indicia,
196 1652 209 1679 ·-
226 1632 277 1689 scd
288 1633 398 1691 lumine
412 1630 564 1708 Evangelii
576 1629 712 1706 fulgente,
727 1638 757 1686 et
769 1625 949 1704 Ohmtoper
961 1631 1262 1706 Apostolieumminis

68 1731 192 1789 terium
196 1728 326 1813 docente,
340 1746 399 1786 nen
413 1727 523 1786 eadem
527 1728 580 1786 erit
593 1728 685 1785 venia.
727 1724 797 1784 Ideo
811 1724 900 1783 dixit:
920 1726 984 1785 “Si
1002 1744 1061 1785 nen
1076 1729 1230 1797 venissem,
1245 1737 1275 1787 et

68 1825 192 1885 locutus
207 1824 363 1883 fuissem
334 1843 391 1892 ets,
403 1834 552 1899 peecatum
562 1842 622 1883 nen
631 1816 785 1890 heberent,
800 1841 876 1881 nunc
885 1832 979 1881 autem
990 1824 1204 1883 'exeusationem
1215 1843 1274 1887 nen
1292 1798 1295 1819 ί

66 1921 185 1994 liabent
198 1921 232 1979 de
247 1926 364 1997 peccato
378 1939 441 1977 suo.
444 1919 477 1954 ”³

594 2126 597 2131 ’
615 2128 814 2236 'oenomaum

119 2308 145 2367 Ι.
169 2300 311 2374 Heresis,
327 2326 390 2380 quse
404 2306 434 2371 in
450 2306 589 2390 perunum
597 2306 753 2384 rejectione
767 2307 893 2367 veritatis
895 2306 1029 2421 alicujus
1049 2309 1189 2391 revelate,
1202 2311 1273 2371 satis

73 2405 245 2484 preposite,
260 2404 315 2461 sita
327 2413 381 2470 est,
393 2423 484 2481 grate
494 2415 538 2463 est
551 2414 648 2463 cont-ra
659 2403 756 2464 Deum
772 2386 988 2482 meeum..-

113 2501 158 2561 Ῐι
174 2500 237 2559 Ubi
252 2498 337 2557 illa
320 2499 408 2558 animi
422 2500 577 2576 pertinacia
600 2500 690 2567 deest,
705 2494 902 2559 deficientibus
923 2450 1059 2559 subsidiis
1082 2503 1118 2560 ad
1144 2505 1271 2563 veritatis

71 2592 215 2665 notitiam,
231 2595 408 2674 ignorantie
420 2594 588 2654 ιιιυιιιιιὸιιι·
601 2596 667 2669 quis
680 2595 807 2655 laborare
821 2591 932 2665 dieitur,
943 2594 1066 2670 ideoque
1077 2598 1112 2654 ab
1127 2598 1270 2658 hereseos

76 2693 315 2755 labeexcusatur
384 2740 387 2745 .
414 2712 416 2716 ’
456 2722 459 2729 ·
539 2704 542 2709 “
836 2744 839 2751 .

112 2794 169 2853 Ill.
193 2788 312 2861 Quum
305 2773 438 2850 ulteriora
458 2774 564 2868 gratiae
568 2790 684 2863 auxilia,
701 2790 779 2849 sieut
802 2780 831 2849 et
853 2774 1004 2863 entenora,
1028 2783 1178 2853 innumera
1191 2784 1270 2864 sint,

77 2895 157 2955 Deus
172 2894 249 2953 enim
263 2878 372 2965 ubique
383 2889 472 2958 adest,
486 2889 640 2962 multisque
654 2897 683 2946 et
704 2889 784 2946 miris
798 2887 891 2949 modis
901 2888 1051 2948 hominem
1073 2889 1113 2947 ad
1129 2909 1161 2949 se
1176 2903 1268 2962 vocat,

73 3000 100 3048 et
112 2991 238 3073 attrahit,
248 3007 305 3047 non
319 2988 401 3065 iacile
416 2987 550 3045 sectariis
547 2985 683 3045 blandiri
691 2984 839 3054 dehemus,
854 3004 886 3047 se
906 2985 1066 3063 ignorantia
1085 2989 1267 3055 excusandos

43 3110 45 3115 ·
74 3062 250 3158 affiirnando,
265 3089 372 3161 absque
386 3070 568 3158 ιιιιιιιιιιιιιοι
591 3103 644 3144 nae
669 3095 764 3143 umen
777 3084 880 3147 dumus
898 3084 1005 3167 aliquid
1028 3085 1065 3143 de
1079 3086 1200 3203 singulis
1214 3087 1276 3160 qui'

73 3186 217 3266 decedunt
231 3178 367 3262 proferre,
378 3183 442 3242 Deo
456 3185 534 3247 enim
548 3183 603 3241 seli
617 3181 703 3241 corda
716 3192 821 3260 patent.

114 3274 167 3343 IV.
190 3283 335 3342 Constans
350 3266 574 3340 venerandorum
588 3281 714 3339 Petrum
715 3298 809 3358 sermo
821 3298 856 3338 ee
868 3279 957 3367 tendit
967 3288 1007 3346 ιιι,
1022 3277 1147 3339 haeretici
1157 3278 1204 3340 sui
1218 3294 1267 3354 pe·

72 3384 155 3443 rioldi
169 3393 346 3462 moneantur,
362 3401 396 3440 aa
409 3362 504 3439 tamen
518 3381 637 3448 ratione,
652 3397 716 3452 quae
739 3378 794 3437 Dei
810 3379 912 3455 gloria
936 3362 966 3435 et
986 3371 1145 3441 animarum
1167 3377 1267 3437 solutis

33 3532 38 3539 .
70 3454 198 3541 studium
210 3479 314 3558 prodit,
326 3498 389 3539 non
394 3480 521 3537 anininm
533 3477 697 3544 insensum3
709 3475 834 3534 haereses
845 3476 923 3532 enim
934 3452 1029 3533 edisse
1040 3485 1069 3542 et
1082 3448 1265 3554 summepere

69 3574 205 3640 detestari
219 3589 341 3664 oportet,
353 3582 456 3655 utpote
465 3578 574 3635 divinae·
584 3575 693 3636 veritati
704 3574 846 3651 adversas,
863 3564 988 3649 errantes
1000 3571 1128 3650 diligere,
1143 3589 1173 3632 et
1182 3576 1265 3636 omni

69 3679 167 3741 efficio
181 3678 323 3736 charitatis
338 3676 481 3740 exanimo
496 3673 640 3752 prosequi.
683 3671 851 3734 Cavendum
865 3669 985 3744 nequid
1008 3670 1112 3740 nimis,¹
1129 3672 1177 3735 vel
1195 3671 1276 3737 fidei'

69 3764 146 3845 zelo,
161 3775 207 3834 vel
221 3774 365 3852 populeris
380 3771 525 3849 captandae
540 3789 614 3828 aurae
627 3769 725 3846 gratia.
818 3809 823 3815 -
1107 3782 1110 3789 ¹
1208 3789 1210 3793 r

59 3938 62 3943 .
108 3856 192 3932 Sicut
205 3871 348 3928 hereseos
362 3879 490 3927 naturam
505 3867 633 3944 plerique
648 3865 818 3924 recentiores
833 3862 1006 3938 ademerem
1021 3874 1117 3923 centra
1130 3866 1262 3944 dogmata

67 3970 214 4048 precipua
227 3967 407 4043 restringunt,
423 3958 465 4024 sic
479 3973 507 4027 et
529 3949 691 4022 schismatis
706 3980 809 4037 nevam
823 3958 950 4037 praebent
968 3961 1132 4031 notionem,
1153 3964 1261 4040 quippe

67 4066 240 4125 scissionem
250 4073 279 4121 et
291 4061 442 4127 divortium
457 4059 584 4139 quedex
598 4058 709 4136 liaetesi
722 4057 809 4116 oritur
823 4055 949 4113 schisma
963 4068 1073 4115 vocant.
1117 4058 1259 4118 Catholici

523 4235 559 4296 (1)
571 4233 643 4282 toan.
655 4232 690 4285 iii.
703 4233 740 4281 18.
765 4226 769 4239 ¹
784 4214 805 4300 J
884 4288 889 4299 ¹

520 4310 739 4387 ’(ιιιιιιιιιι.
804 4327 837 4345 -·
936 4334 939 4343 ·

443 4404 446 4409 ’
522 4396 772 4460 (3)]οιιι.ιιι.22.-
874 4390 877 4401 ’
