2738 5032
524 277 579 336 un
601 240 888 339 rucrunrus'r·
1268 277 1306 332 ιι

158 429 248 511 Resp.
274 433 414 493 Constare
428 445 521 512 potest
531 436 694 496 vaticinium
708 435 814 495 editum
829 448 903 502 esse,
913 445 1005 494 utrum
1021 445 1118 513 agatur
1131 432 1166 492 de
1175 453 1215 492 eo
1229 430 1306 506 quod

66 564 73 574 ι
120 525 198 585 brevi
209 528 295 586 suerit
314 529 474 607 impletum,
490 532 535 589 vel
549 531 584 589 de
602 552 636 590 eo
651 531 728 605 quod
742 532 856 609 nonnisi
877 541 942 606 post
955 531 1122 589 secutorum
1137 531 1239 588 seriem
1254 530 1306 586 im·

120 624 255 699 plendum
279 626 324 684 sit.
368 628 416 685 sio
430 627 465 685 de
479 629 557 686 brevi
580 629 710 706 iugandis
731 629 844 705 regibus
867 628 958 702 Syriae
979 638 1008 685 et
1032 626 1130 694 lsrael,
1145 626 1305 702 conjunctis

123 721 227 780 viribus
241 722 346 781 ,ludam
361 725 602 801 impugnantibus,
615 728 760 784 constabat
771 725 896 790 Aclrabo,
908 735 937 781 et
948 725 1122 801 principibus
1133 724 1152 781 J
1155 723 1242 780 udseis
1256 723 1306 795 qui

122 816 222 876 lsaiam
231 820 391 880 audiebant.
415 822 459 880 De
468 822 768 891 Nabuchodonosoris‚
776 823 850 899 regis
858 821 1025 900 Babyloniei
1037 820 1306 898 proximoadventu,

125 915 204 988 etde
227 919 336 994 pupulo
356 919 664 994 captivuubduecndo,
686 921 853 996 vaticinante
874 918 999 975 Jeremia
1019 919 1142 994 publice,
1163 917 1308 975 constabat

126 1014 263 1081 omnibus,
279 1015 329 1087 qui
350 1015 477 1091 plerique
489 1036 555 1074 eum
571 1017 606 1074 ad
622 1029 739 1075 mortem
755 1017 926 1090 querebant.
968 1013 1040 1071 Haee
1055 1025 1148 1073 sutem
1164 1013 1305 1080 vaticinia,

126 1109 235 1186 impleta
250 1122 352 1187 praeter
365 1131 446 1189 spem
468 1133 649 1172 communem
665 1125 756 1172 vatem
772 1113 907 1171 divinitus
929 1112 1095 1170 illustratum
1110 1111 1306 1179 ostendebant,

128 1225 173 1264 uec
186 1209 264 1266 enim
281 1220 357 1267 certo
373 1211 499 1286 proeseiri
512 1223 640 1287 poterant
648 1223 764 1270 eventus
776 1209 940 1287 hujusmodi
952 1210 980 1266 in
993 1209 1037 1266 his
1051 1228 1145 1267 rerum
1156 1208 1306 1285 adjunctis.

129 1303 166 1362 De
180 1306 322 1365 vaticiniis
333 1308 402 1366 olim
414 1308 498 1391 editis
510 1320 602 1385 potest
613 1323 740 1369 constare
755 1328 791 1367 ex
803 1309 881 1366 libris
894 1308 923 1365 in
939 1308 1040 1381 quibus
1054 1307 1220 1373 referuntur,
1233 1307 1307 1364 sicut

128 1401 227 1462 Judaeis
242 1402 361 1483 contigit
371 1407 457 1464 libros
471 1408 669 1483 prophetarum
682 1407 755 1484 apud
768 1427 799 1464 se
812 1407 998 1472 servantibus;
1008 1401 1071 1478 que
1083 1423 1148 1462 eum
1159 1404 1306 1461 eventibus

129 1502 191 1559 urire
210 1503 421 1583 concordantia,
442 1514 639 1582 argumentum
659 1504 734 1562 haud
755 1505 871 1563 dubium
893 1504 1018 1562 scientie
1040 1503 1150 1561 vatibus
1170 1501 1310 1565 div-initus

129 1596 191 1656 datae
204 1602 398 1676 proebueruut,
420 1621 473 1661 nec
493 1603 570 1660 enim
591 1616 643 1678 per
660 1602 774 1679 longam
796 1603 964 1660 sacculorum
984 1601 1089 1660 seriem
1110 1619 1202 1668 mens,
1217 1618 1308 1673 qusn-

128 1697 224 1754 tumvis
238 1699 339 1775 sagax,
346 1709 448 1783 potest
461 1700 633 1776 perspicere.

162 1792 229 1872 ooj.
245 1797 275 1852 4.
297 1794 439 1853 Vaticiuia
459 1797 536 1853 brevi
558 1795 701 1872 implenda
721 1804 843 1872 possunt
862 1793 950 1851 menti
965 1794 1122 1869 perspicaci
1142 1794 1243 1852 tribui.
1258 1794 1308 1853 diu

128 1901 217 1963 postea
225 1891 372 1968 rmplenda
385 1890 521 1972 vilcarent
529 1892 620 1951 donec
634 1894 738 1952 suerint
748 1892 874 1968 impleta,
888 1890 1052 1962 ideoque
1024 1908 1084 1949 vnn
1099 1891 1236 1992 probandi
1249 1911 1308 1951 non

128 1984 223 2045 habent

157 2083 247 2161 Resp.
270 2083 344 2143 Sunt
358 2103 450 2142 rerum
463 2072 616 2163 adjuncta'
609 2106 638 2143 m
654 2064 756 2159 quibus
770 2085 847 2143 nulla
861 2085 965 2143 subest
970 2084 1041 2143 ratio
1056 2081 1222 2159 suspicandi
1235 2100 1307 2151 rem,

127 2180 206 2238 etiam
228 2182 309 2242 brevi
329 2193 503 2250 eventuram,
524 2183 653 2259 potuisse
673 2183 787 2259 conjici,
802 2173 847 2239 vel
868 2182 987 2240 naturali
1008 2181 1095 2238 animi
1110 2181 1138 2238 vi
1155 2179 1307 2256 'proesciri2

127 2277 182 2348 quis
206 2277 290 2335 enim·
307 2289 450 2336 mortuum
471 2277 695 2336 resuscitandum
721 2279 792 2335 intra
813 2295 919 2354 paucos
944 2269 1006 2334 dies
1031 2287 1125 2354 potest
1148 2277 1311 2336 naturaliter

125 2372 297 2448 previderet
318 2376 383 2448 quis
397 2375 559 2467 ιιιιιοιιιιιιιιι
582 2375 745 2451 hujusmodi
766 2384 824 2433 arte
846 2374 947 2432 dolove
961 2374 1079 2441 editum,
1094 2373 1140 2430 vel
1159 2374 1310 2457 impletum

126 2468 238 2538 dicet·
215 2491 240 2528 ιιι
255 2470 291 2529 de
304 2483 393 2529 morte
405 2462 502 2529 revera
509 2474 640 2530 constet?
682 2473 823 2538 Vaticiuia
833 2484 899 2557 post
911 2473 1028 2548 longum
1039 2483 1153 2547 tempus
1166 2469 1310 2547 implenda

125 2567 258 2642 probandi
271 2569 331 2626 vim
353 2588 411 2626 non
432 2569 536 2627 habeut
552 2570 646 2627 donec
667 2569 771 2628 suerint
790 2571 924 2687 impleta·
946 2579 1081 2627 coeterum
1102 2569 1229 2628 maxima
1243 2556 1310 2626 turlc

125 2662 217 2721 illis'
189 2668 234 2722 ιιι
250 2665 334 2740 inest.

160 2759 227 2840 obj.
244 2766 272 2820 5
296 2756 418 2819 Oracula
432 2761 621 2821 Ethnicururn
643 2723 791 2820 idolorum
799 2763 885 2820 cultui
906 2760 1097 2838 patrocinium
1117 2761 1307 2836 prebuerunt.

124 2856 195 2936 llrgo
209 2877 253 2917 er
275 2853 416 2916 vaticiniis
430 2877 487 2915 non
495 2857 656 2916 desumitur
670 2878 718 2916 cer·
720 2870 777 2916 tum
793 2877 927 2934 argumen
929 2869 999 2915 t.um

158 2954 246 3032 Resp
263 2954 453 3012 Ethnrcorum
463 2954 584 3021 oracula
596 2954 772 3029 plerumque,
784 2955 927 3029 ambigua²
940 2970 1097 3026 numquam
1109 2951 1230 3011 illustres
1243 2951 1308 3010 illos

123 3049 220 3109 divinae
235 3052 355 3128 originis
367 3051 540 3127 characteres
563 3051 786 3127 praesetuleruut‚
803 3070 851 3123 qur
843 3051 901 3108 ad
923 3051 1068 3108 veritatem
1089 3049 1208 3109 firmiter
1221 3059 1308 3109 sutu-
1333 3094 1335 3097 ψ

124 3131 222 3207 endam
244 3150 433 3222 requiruntur.
477 3150 605 3208 Plurima
624 3150 805 3226 conjecturis,
819 3148 928 3207 dolisve
949 3147 1127 3207 sacerdotum
1147 3149 1248 3206 merito
1263 3149 1309 3207 tri.-

122 3245 292 3313 buuntur,ut
281 3246 396 3305 tietiam
406 3246 538 3304 Ethnicis
552 3246 741 3321 scriptoribus
753 3257 797 3303 est
808 3247 919 3303 visum:
923 3244 1021 3319 'quod
1033 3264 1058 3301 ει
1050 3243 1161 3316 aliqua
1170 3243 1308 3301 daemonis

122 3346 213 3425 opera
215 3341 292 3399 edita
304 3342 395 3417 placet
408 3343 578 3408 existimare,
592 3342 673 3400 facile
683 3341 887 3418 dignoscuntur
897 3362 913 3399 a
923 3343 1082 3425 caelestibus
1094 3340 1243 3406 vaticiniis,
1255 3357 1308 3396 neo

123 3448 243 3514 possunt
253 3438 351 3497 tollere
364 3427 540 3515 probandi
515 3457 571 3495 vrm
587 3457 651 3510 quae
665 3438 711 3495 his
726 3440 863 3496 tribuitur.
1119 3440 1122 3446 '

161 3533 227 3612 Olp'.
244 3538 272 3592 6.
294 3534 416 3608 Moyses
431 3534 517 3592 Dent.
531 3534 592 3590 xiii.
611 3537 636 3597 1,
650 3533 827 3610 aprophetis
843 3534 982 3646 idolorum
1002 3533 1108 3591 cultum
1125 3530 1306 3589 suadentibus

126 3642 219 3690 munet
232 3631 402 3690 cavendum

159 3729 246 3807 Ile-sp.
273 3721 395 3806 Moyses
411 3730 440 3787 in
463 3714 596 3812 objecto
546 3728 813 3786 tDeutoronomii
836 3727 899 3784 loco
923 3729 1033 3785 monuit
1052 3727 1179 3792 Judaeos,
1195 3745 1230 3784 ne
1251 3725 1309 3782 ulla

122 3830 226 3886 ratione
237 3846 270 3884 se
282 3829 407 3894 sinerent
418 3825 518 3884 abduci
530 3846 547 3882 a
560 3845 619 3883 verr
611 3825 689 3882 Dei
704 3824 791 3892 cultu,
807 3844 842 3882 ne
858 3824 1010 3896 quidem'
988 3843 1013 3881 ιι
1026 3825 1190 3881 vaticinium
1206 3832 1308 3881 eventu

123 3924 269 4001 impletum
290 3920 467 3980 adhiberetur
479 3920 524 3980 ¹ad
544 3921 686 3979 idolorum
700 3922 807 3979 cultum
827 3920 1093 3981 commendandum.
1134 3920 1200 3978 Hoc
1213 3928 1306 3977 autem

144 4134 187 4196 Δ(1)
205 4135 268 4185 Vide
277 4135 304 4184 S.
315 4095 462 4198 Hielonym.
475 4134 570 4182 Comm.
582 4133 608 4181 in
622 4147 643 4180 c.
652 4111 693 4190 42⁸,
705 4131 778 4181 Isaiae
791 4132 806 4180 l.
816 4132 856 4181 ιι.

150 4220 185 4282 (2)
202 4221 282 4270 “Jsm
295 4221 325 4269 ed
338 4226 362 4269 te
373 4218 452 4276 venio,
463 4226 547 4267 sancte
560 4217 708 4280 Apollo,qui
725 4217 869 4266 umbilicum
882 4225 976 4267 certum
993 4219 1059 4268 orbis
1071 4224 1191 4267 terrarum
1205 4218 1309 4285 absides,

121 4305 182 4353 unde
197 4305 347 4369 superstiosa
359 4303 466 4366 primum
478 4318 542 4351 saevu
553 4301 630 4350 erasit
642 4317 688 4349 vox
699 4300 758 4350 fera.
790 4300 854 4350 Tuis
865 4303 932 4350 enim
949 4302 1055 4352 oraculis
1066 4301 1218 4366 Chrysippus
1229 4309 1308 4351 totum

121 4388 355 4453 volumeuimplevit,
367 4388 455 4450 partim
468 4386 543 4444 falsis,
555 4394 582 4434 ut
593 4403 639 4450 ego
652 4385 745 4450 opinor,
752 4385 840 4447 purtim
850 4402 910 4436 casu
921 4387 993 4446 reris,
1005 4394 1033 4436 ut
1043 4387 1071 4436 fit
1083 4387 1108 4434 in
1120 4387 1188 4435 omni
1199 4387 1309 4435 oratione

120 4473 259 4536 sepissime,
270 4473 360 4538 partim
377 4471 513 4533 flexiloquis
530 4478 555 4519 et
565 4470 683 4528 obscuris,
694 4476 722 4518 ut
733 4463 852 4533 interpres
864 4477 936 4535 egeat
946 4472 1085 4535 interprete,
1096 4476 1120 4518 et
1136 4485 1189 4518 sors
1208 4470 1261 4532 ipsa
1278 4471 1309 4518 ud

118 4563 192 4605 sortes
208 4550 336 4607 referenda
352 4554 392 4613 sit,
409 4553 497 4619 purtim
516 4544 646 4617 ambiguis,
663 4559 757 4615 etquae
775 4553 804 4601 ad
823 4553 974 4603 dialecticum
992 4553 1122 4607 deferenda
1139 4551 1224 4602 sunt”
1255 4551 1309 4604 Cic.

120 4637 174 4687 Div.
186 4640 201 4688 l.
212 4641 237 4690 2.
308 4711 310 4717 Ι
