2738 5032
147 242 207 301 334
396 238 452 299 DE
473 238 834 301 APOSTOLICITATE
854 238 1085 301 EOOLESIAE.

148 398 487 472 nuubsreutiisquesese
496 396 638 475 pollicitus
647 406 867 477 estpruseotem
875 398 1007 459 futurum.
1023 398 1111 459 Nulla
1118 398 1205 476 igitur
1213 396 1328 457 habetur

148 495 284 555 securitas
298 504 377 553 extra
398 494 474 554 illam
495 494 731 571 promissionem:
753 493 926 571 proindeque
940 496 989 568 qui
1007 493 1166 575 Apostolici
1179 491 1324 553 ministerii

149 608 213 651 sese
228 591 379 669 participes
391 590 468 649 baud
481 588 610 667 probant,
620 589 704 649 alieni
715 588 836 649 habendi
845 601 948 649 suntet
958 590 1080 668 profani.
1098 590 1172 649 Nou
1181 589 1260 648 ualet
1269 606 1323 651 suo·
1365 664 1367 669 Α

146 687 240 745 cessio
253 684 388 747 adversus
398 687 597 764 Evangeliurm
607 684 658 745 ssd
671 697 716 745 est
728 684 921 747 vadimonium
935 686 1077 760 quoddam
1090 686 1217 745 veritatis
1232 685 1321 749 Erat·
1361 692 1367 761 ἰ

148 785 265 863 gelism-
279 784 348 845 Ideo
362 786 454 845 aiebat
466 784 678 845 Tertullianus:
700 793 719 820 “
730 784 809 845 Hinc
816 785 901 862 igitur
911 784 1059 863 dirigimus
1072 784 1320 863 prescriptionem
1365 764 1367 825 l

148 880 174 938 si
188 880 331 940 Dominus
342 881 429 941 Jesus
440 880 573 943 cbristus
583 880 738 958 Apostolos
748 881 827 939 misit
834 880 870 939 sd
882 880 1101 958 predicandum,
1112 880 1186 941 alius
1197 899 1258 939 non
1266 895 1321 939 ess
1365 880 1367 895 '

148 977 327 1055 recipiendos
346 977 552 1055 predicatores,
567 996 652 1051 quam
667 976 799 1036 Christus
812 978 947 1047 instituit;
968 978 1036 1051 quia
1052 995 1106 1037 uec
1120 977 1196 1037 alius
1216 977 1319 1037 Patrem

147 1077 228 1137 novit
239 1076 297 1137 nisi
315 1076 417 1145 Filios,
431 1086 460 1139 et
473 1076 519 1137 cui
539 1075 632 1135 Filius
648 1074 794 1144 revelarit,
808 1094 862 1135 uec
874 1075 937 1135 aliis
951 1075 1061 1137 videtur
1080 1075 1225 1135 revelasse
1244 1074 1321 1141 fitius,

145 1192 230 1248 quum
244 1175 390 1253 Apostolis
402 1192 475 1248 qttos
488 1173 567 1233 misit
578 1171 614 1232 ud
626 1172 846 1251 pmdicsudutm
855 1173 962 1246 utique,
974 1172 1052 1247 quod
1065 1173 1123 1231 illis
1136 1171 1324 1251 Christus-ss·

148 1272 266 1331 velarit·
301 1272 378 1340 Qtrid
390 1283 482 1332 sutem
498 1269 719 1348 prudicaveriut,
730 1270 759 1329 id
774 1280 827 1340 est,
841 1269 910 1345 quid
923 1271 980 1329 illis
994 1256 1129 1329 Christus
1142 1270 1325 1337 revelaveritt

146 1369 243 1429 ethic
262 1369 441 1447 praescribam
461 1386 519 1427 oon
532 1367 614 1426 aliter
632 1367 744 1444 probari
764 1365 876 1441 debere,
891 1367 947 1427 nisi
967 1386 1019 1445 per
1032 1365 1149 1426 easdem
1169 1362 1336 1431 Ecclesiae»

148 1483 219 1538 oues
232 1465 289 1542 ipsi
303 1465 433 1542 Apostoli
447 1464 642 1533 condiderunt,
656 1465 712 1542 ipsi
726 1465 768 1523 eis
782 1463 970 1542 predicando,
981 1466 1041 1523 'tam
1055 1465 1130 1533 viva,
1144 1464 1226 1538 quud
1243 1465 1338 1531 aiutitt

149 1580 232 1630 voce,
245 1580 330 1635 quant
345 1580 396 1640 per
409 1558 543 1640 epistolas
554 1573 664 1640 postes,
694 1563 802 1629 Sihec
815 1563 853 1620 its
866 1574 950 1632 sunt,
961 1572 1071 1621 ιοιιιιιι
1080 1561 1206 1639 proinde
1215 1566 1357 1627 ommni*

148 1655 314 1727 docuinam
329 1678 392 1733 quse
406 1678 471 1719 cum
491 1661 547 1719 illis
568 1658 712 1739 Enetum,
722 1659 895 1736 Apostollcis
915 1659 1077 1719 matricibus
1093 1667 1126 1717 et
1142 1659 1348 1737 originalibus

148 1753 216 1815 fidei
228 1757 382 1833 conspiret,
396 1755 505 1815 veritati
524 1755 730 1834 deputandam
751 1755 813 1813 siue
827 1752 913 1814 dubio
934 1764 1079 1834 tenentem
1090 1753 1171 1828 quod
1190 1754 1361 1835 Ecclesia

148 1852 183 1910 ab
203 1852 358 1930 Apostolis,
373 1853 504 1931 Apostoli
523 1851 686 1919 comisto,
708 1850 872 1911 Christusa
892 1850 955 1909 Deo
976 1851 1102 1928 accepit:
1123 1868 1241 1935 omnem
1253 1853 1359 1911 ‘verb-

148 1948 305 2011 doctriuam
317 1950 353 2009 de
364 1948 513 2009 mendacio
526 1946 774 2025 praejudicandum,
785 1966 851 2021 qum
858 1947 950 2025 sapiat
962 1957 1060 2013 contra
1069 1946 1367 2015 terimmEccle‘

146 2046 263 2114 sistunt,
277 2056 306 2105 et
318 2044 530 2123 Apostolorum,
544 2042 705 2112 etobsiad,
718 2054 747 2102 et
760 2042 864 2103 Dei.”²
1079 2088 1083 2095 .

189 2144 262 2224 ooj.
270 2148 304 2203 3.·
320 2144 462 2221 Lutherus
481 2144 572 2221 potuit
585 2144 692 2218 absque
710 2142 885 2220 Episeopsli
899 2140 1070 2213 charactere,
1084 2088 1136 2201 tel
1155 2142 1330 2221 Apostoliess

130 2242 335 2303 -successionis
349 2241 440 2321 titulo,
455 2241 659 2319 Evangelicaos
680 2240 831 2318 predicare
845 2240 1000 2309 veritatem,
1015 2250 1045 2298 et
1063 2240 1229 2327 Ecclesium
1240 2238 1329 2319 surdi·

143 2338 197 2397 bus
212 2338 336 2411 quibus
328 2339 474 2412 inquinata
486 2349 544 2397 erat
557 2356 694 2415 purgare:
716 2337 816 2397 missio
830 2337 936 2414 quippe
950 2335 1093 2395 ordinaris
1104 2355 1133 2397 et
1123 2336 1250 2406 3ιιι,
1223 2356 1253 2395 ιι
1266 2353 1328 2403 susc

145 2435 340 2503 ordinationis,
348 2454 401 2494 nec
410 2435 628 2495 extraordinaria
636 2445 695 2495 erat
705 2434 873 2504 necessaria,
888 2453 976 2508 quum
989 2435 1096 2503 utillum
1109 2453 1214 2517 novam
1223 2451 1328 2511 propo·

144 2539 224 2588 neret
235 2531 445 2599 revelationem,
459 2530 513 2589 sed
524 2549 587 2593 eam
600 2549 666 2604 qum
679 2530 833 2609 scripturis
849 2532 1051 2595 continebatur.

107 2642 116 2650 ·
182 2625 274 2706 Resp.
287 2628 419 2705 Simplex
433 2626 562 2687 sacerdos
577 2646 670 2703 quum.
678 2639 764 2698 esset,
777 2628 835 2687 imo
849 2626 1005 2689 monachus
1015 2629 1065 2703 qui
1078 2626 1264 2689 obedientiam
1278 2645 1329 2711 sc·

101 2768 104 2773 -
143 2725 275 2786 lumniter
286 2726 428 2804 pollicitus
440 2736 511 2795 erat,
522 2745 558 2784 ne
573 2725 724 2804 proedibare
738 2725 853 2801 quidem
867 2727 970 2805 potuit,
982 2727 1038 2785 nisi
1052 2746 1089 2785 ex
1102 2724 1328 2805 pessulumEc·

130 2824 237 2884 clesiae
251 2826 430 2887 auctoritate:
452 2827 497 2884 hie
509 2826 585 2884 enim
600 2835 725 2903 potestas
739 2824 831 2885 omnis
846 2825 992 2904 regiminis
1003 2836 1046 2884 est
1056 2845 1074 2883 u
1085 2825 1202 2885 Christo
1211 2823 1328 2885 nouam.

144 2925 249 3002 Opus
242 2926 326 3002 igitur
335 2936 395 2985 erat
407 2925 570 2984 clarissimis
583 2924 693 2983 ditinae'
700 2925 845 2984 missionis
856 2935 935 3034 extra
945 2923 1073 2984 ordinem
1086 2922 1211 2993 indiciis,
1221 2900 1270 2983 ιιι
1262 2942 1327 3001 ipse

144 3127 228 3176 ceret.
272 3118 335 3175 Nec
349 3118 435 3190 quod-
439 3137 470 3175 se
484 3120 628 3176 veritatem
643 3119 793 3196 Evangelii
806 3119 956 3179 affirmaret
968 3119 1088 3196 aperire,
1102 3129 1254 3196 potetates
1244 3118 1326 3177 ἰιιιι

88 3292 91 3299 Ι
141 3213 244 3293 liugan
256 3213 372 3299 uiolenti
386 3212 643 3289 ordinemsnmma
657 3215 795 3291 sapientia
808 3215 839 3289 in
858 3215 991 3275 Ecclesia
1004 3235 1022 3273 a
1035 3213 1155 3275 Christo
1165 3223 1324 3297 statutam:

143 3330 208 3373 nem
230 3310 315 3370 etiam
335 3309 365 3369 in
385 3309 528 3387 republica
547 3308 672 3369 humana
683 3309 724 3368 nil
738 3309 801 3377 lieri
821 3320 923 3388 potest,
938 3310 1093 3388 nisijuxta
1112 3309 1244 3371 ordinem
1263 3310 1330 3389 lego

121 3406 287 3477 ¹statutum,
310 3408 353 3467 vel
381 3408 415 3467 sb
437 3407 517 3471 initio
542 3407 694 3484 vigentem.
734 3407 875 3486 adigebat
902 3396 1049 3485 liutherus.
1074 3427 1181 3475 novum
1206 3414 1330 3473 sensum

141 3507 314 3586 Scripturis:
329 3508 475 3585 negabat
459 3492 619 3565 Ecclesiam
632 3525 667 3565 ea
680 3506 782 3566 habere
795 3508 942 3586 privilegia
955 3508 1057 3581 quibus
1072 3527 1089 3566 a
1103 3506 1221 3566 Christo
1235 3508 1331 3569 fuerat

142 3616 247 3673 ornata,
262 3616 291 3664 et
314 3615 373 3665 toto
396 3602 557 3681 reipublicae
578 3603 747 3663 Christiane
770 3606 867 3663 ordine
892 3606 1062 3683 perturbato,
1081 3618 1156 3665 novt
1173 3605 1332 3665 inducebat

141 3704 347 3781 placitacoutra
359 3705 445 3791 totius
459 3704 630 3778 antiquitatis
650 3722 764 3787 sensum
784 3713 812 3761 et
826 3702 921 3769 fidam.
963 3702 1036 3763 llaec
1049 3714 1126 3799 certe
1145 3704 1331 3787 postulabunt

139 3897 291 3974 Apostoli'
284 3898 364 3974 ipsi
352 3898 382 3956 io
395 3884 525 3977 Ecclesia
538 3895 679 3955 fundanda
692 3897 925 3973 praebuerunt.

112 3994 129 4071 J
180 3990 303 4069 Igitur
278 4011 316 4061 er,
327 3991 457 4059 Calvino,
467 3992 631 4075 caeterisque
646 3990 787 4061 omuibus,
800 3993 969 4057 'lectulliaui
980 3995 1073 4054 verbis
1084 3992 1218 4057 Ecclesia
1229 3993 1332 4061 dicere

140 4091 294 4168 ιιοιιιιιιί
298 4091 372 4158 ‘Qui
386 4083 474 4153 estisl
498 4090 621 4164 quando,
636 4100 663 4148 et
677 4089 751 4148 unde
765 4091 904 4150 venistis?
930 4093 1026 4166 quid'
1018 4113 1048 4153 m
1069 4112 1134 4153 meo
1153 4088 1250 4172 agitis,
1266 4114 1341 4163 non

140 4187 219 4246 mei?
234 4205 292 4260 quo
304 4169 436 4260 denique,
451 4187 612 4254 Μιιιιιοιι,Ι
601 4205 667 4263 Jure
676 4187 777 4245 silvam
788 4206 880 4255 meam
895 4190 1001 4249 caedisl
1016 4209 1072 4264 que
1080 4190 1205 4259 licentia,
1217 4190 1340 4255 Valen-

141 4288 208 4357 tine,
223 4282 314 4342 'fontes
336 4303 414 4343 oreos
428 4284 612 4342 transvertis?
634 4290 689 4356 que
710 4294 856 4360 potestate,
873 4286 998 4365 Apelles,
1018 4287 1124 4345 limites
1143 4305 1225 4375 meos
1248 4308 1333 4375 cour·

141 4380 257 4481 moveat
279 4396 342 4437 mea
355 4388 398 4436 est
411 4381 573 4456 possessio.
574 4376 665 4453 quid
685 4380 732 4439 hic
753 4381 845 4438 caeteri
866 4379 901 4438 ad
909 4380 1086 4442 voluntatem
1100 4368 1223 4443 vestran
1240 4387 1334 4447 se'mi-

497 4590 532 4652 (l)
549 4590 618 4641 Tert.
628 4591 685 4641 lde
671 4607 759 4656 esprae
761 4625 766 4640 .
747 4591 841 4641 sltaer.
854 4591 867 4652 d
878 4592 918 4643 21.
982 4572 986 4579 ¹
