2768 5032
122 249 182 307 m
375 246 434 317 DE
455 246 675 333 EOOLESIAE
697 247 1047 312 csuflourcl'rtns.

151 403 250 485 Bam.
271 403 392 471 Quando
412 407 504 484 agitur
522 407 558 465 de
572 406 680 473 Christi
701 408 842 478 Ecclesia,
857 428 944 483 quam
965 410 1052 466 Vates
1070 405 1310 467 dixemnstotius

122 500 199 559 orbis
214 519 332 577 regnum
348 500 478 570 suturam,
493 522 627 580 magnum
636 505 764 564 ¹veritatis
775 515 804 563 et
817 505 918 564 divinae
929 505 1047 582 originis
1059 512 1256 579 argumentum
1268 523 1308 581 ex

128 597 193 673 ejus
206 595 357 656 diffusione
372 601 546 674 permanenti
561 619 612 676 per
630 602 727 659 orbem
740 601 888 668 derivatur,
903 613 1040 675 quatenus
1060 600 1168 658 scilicet
1187 612 1312 675 eventus

122 694 256 753 uaticinio
272 687 434 779 respondet.
474 697 617 760 ldolorum
632 688 722 767 cultus
737 699 803 757 olim
824 719 876 776 por
889 700 985 758 orbem
998 699 1052 756 late
1066 698 1165 774 uiguit,
1180 696 1309 771 hominiv

121 792 174 850 bus
187 792 331 868 planisque
343 795 371 852 N
374 813 459 853 umen
467 795 500 854 -ιιι
514 795 597 853 rebus
609 797 707 859 creatis
717 798 915 887 quaerentibus
928 817 936 854 a
951 796 1002 854 sed
1016 815 1073 854 non
1083 795 1136 853 luit
1146 814 1306 879 consensus

605 1107 776 1148 skorosmo
789 1107 824 1146 11

159 1226 292 1289 Ecclesia
307 1230 450 1321 Romana,
472 1229 581 1335 scilicet
600 1232 774 1315 Episcopo
768 1232 899 1309 Romano
918 1198 1120 1328 commuuione
1140 1234 1306 1319 conjuncta,

121 1338 164 1386 est
176 1326 335 1387 catholica
418 1348 420 1353 ⁴

123 1416 322 1484 Probatur.
341 1424 386 1485 De
407 1445 440 1484 ea
453 1425 525 1485 dixit
537 1404 680 1487 I'renaeus:
704 1438 724 1467 ‘⁸
736 1424 770 1487 ιιι
787 1448 842 1502 qua
861 1446 974 1504 semper
994 1428 1028 1486 ab
1042 1426 1088 1485 his
1110 1427 1160 1500 qui
1173 1437 1240 1511 sunt
1253 1444 1308 1485 un·

120 1521 215 1597 dique,
231 1533 393 1611 conservata
407 1533 450 1583 est
464 1543 497 1582 ea
517 1543 581 1598 quae
596 1536 640 1584 est
662 1526 697 1585 ab
722 1526 868 1604 Apostolis
889 1525 1049 1584 tra'ditio.''²
1088 1518 1120 1582 S
1137 1524 1307 1602 Cyprianus

120 1635 235 1696 semper
249 1637 312 1676 eam
325 1622 390 1692 quse
405 1639 470 1697 cum
486 1620 616 1691 Romano
631 1620 781 1701 Episcopo
794 1623 1012 1681 communicavit
1032 1614 1210 1679 Catholicain
1225 1621 1305 1679 intel·

118 1713 198 1773 lenit
244 1714 429 1774 Rettulimus
416 1737 477 1795 Jam
493 1719 555 1797 ejus
570 1720 654 1777 verba
668 1721 769 1793 quibus
780 1719 942 1778 communio
954 1737 1018 1787 cum
1031 1717 1165 1799 Cornelio
1176 1717 1305 1815 legitimo

120 1809 222 1870 Romae
237 1812 375 1889 episcopo
389 1832 454 1873 cum
470 1796 619 1872 Catholica
626 1812 763 1873 Ecclesia
776 1813 873 1901 haberi
885 1814 1035 1872 diciturr‘
1039 1813 1149 1870 ‘sciret
1152 1822 1180 1870 te
1194 1806 1315 1907 secum,

117 1906 173 1967 hoc
187 1919 240 1978 est,
255 1928 319 1968 cum
335 1909 489 1983 C‘atholica
497 1911 639 1995 Ecclesia,
655 1912 872 1990 communicare.
875 1911 909 1945 ”⁵¹
930 1911 961 1968 S.
978 1902 1097 1988 Optatus
1111 1910 1214 1968 Milev.
1229 1908 1303 1969 eam·

118 2004 182 2065 dem
197 2007 279 2085 plane
294 2007 430 2085 designat,
446 2009 518 2066 sicut
532 1988 604 2066 etS.
622 1994 849 2086 Augustinus‘¹
853 2008 906 2068 ‘In
920 2007 1067 2094 catholica
1080 2007 1157 2079 enim
1169 2006 1305 2095 Ecclesia

116 2113 233 2187 —tenet
246 2107 358 2183 abipsa
367 2106 434 2164 sede
449 2106 527 2183 Ριιιιι
541 2104 671 2183 apostoli,
687 2126 733 2165 out
725 2102 913 2184 'pascendas
917 2100 991 2171 oves¹
1000 2125 1065 2164 suas
1080 2116 1146 2182 post
1164 2112 1306 2166 resurrec-
1316 2118 1319 2125 '

117 2183 223 2262 tionem
238 2188 380 2274 Dominus
395 2176 613 2281 commendavit,
626 2215 720 2284 usque
741 2204 775 2262 ad
794 2215 965 2284 praeseutem
977 2203 1176 2280 episcopatum
1191 2212 1304 2287 estoces·

116 2300 160 2359 sio
172 2281 367 2379 sacerdotum.
391 2310 466 2360 tenet
479 2308 622 2378 postremo
637 2303 732 2378 ipsum
749 2301 903 2377 Catholicae
917 2319 1031 2359 nomen.
1034 2299 1069 2335 ”⁸

155 2392 306 2453 Probatur
319 2395 362 2469 II.
391 2397 440 2454 Ex
453 2417 483 2455 re
497 2397 570 2473 ipsa.
598 2396 732 2455 Ecclesia
746 2394 884 2459 Romano
890 2390 1024 2455 Pontifici
1041 2386 1168 2472 subjecta
1182 2386 1305 2465 ltaliam,

116 2484 313 2589 Hispaniam,
310 2493 443 2562 Galliam,
456 2489 570 2571 Belgas,
585 2484 748 2575 Poloniam,
762 2513 893 2572 magnam
910 2493 1071 2579 Germaniae
1086 2503 1204 2593 partem,
1234 2493 1305 2564 Hel·

115 2580 258 2647 vetiorum
268 2589 362 2669 etiarn,
375 2600 403 2648 et
415 2590 612 2667 plerarumque
625 2601 785 2663 caeteramm
797 2591 926 2671 Europe
936 2588 1146 2668 provinciarum
1161 2584 1303 2687 occupati

114 2686 146 2767 ιι
158 2686 350 2774 Asiaminori,
365 2686 444 2747 Indis
465 2678 678 2771 Orientalibus,
685 2687 843 2773 insulisque
857 2689 958 2746 oceani
979 2686 1076 2747 Indici
1093 2676 1249 2765 reperitur}
1271 2687 1302 2745 iu

114 2761 265 2864 IEgypto,
271 2795 300 2844 et
313 2786 440 2875 pluribus
463 2786 588 2845 Africani
613 2776 714 2844 littoris
737 2778 900 2863 regionibus
922 2770 1077 2883 discipulos
1098 2784 1174 2844 haud
1192 2773 1301 2862 paucos

114 2889 252 2952 recenset,
267 2893 296 2942 et
316 2892 402 2956 totam
422 2884 584 2942 Americam
605 2883 818 2952 meridionalem
838 2902 905 2941 cum
929 2901 1032 2967 magna
1055 2870 1310 2975 septemtrionalis¹

114 2983 253 3043 Americae
267 2992 345 3058 parte
359 2982 415 3040 obt
397 2991 476 3050 tinet,
486 2972 586 3039 insulis
598 2983 683 3040 etiam
694 2980 961 3063 plurimisadjectis.
974 2974 1086 3058 Lbnge
1097 2980 1225 3067 lateque
1217 2981 1304 3058 igitur

115 3099 168 3159 per
181 3080 279 3138 orbem
294 3077 567 3152 diffunditur,'e1que
583 3070 738 3138 Catholicae
759 3064 863 3142 nomen
884 3079 1021 3163 congruit,
1037 3097 1125 3152 quum
1142 3085 1233 3136 sectae
1244 3077 1303 3164 ple·

113 3179 209 3251 'raeque
223 3172 408 3248 quarumdem
422 3173 568 3252 regionum
588 3174 724 3232 limitibus
746 3175 950 3253 contineantur,
965 3184 1045 3232 extra
1067 3172 1223 3232 easdem
1196 3172 1248 3232 ιιι
1261 3174 1302 3231 in·

53 3344 56 3354 Ι
113 3282 303 3340 notescentes.
346 3271 440 3331 (traci
466 3256 647 3347 Schismatici
673 3258 988 3349 constantinopolitano
1010 3272 1051 3330 in
1061 3271 1249 3348 imperio,.et
1259 3266 1309 3329 ιιι

113 3374 273 3435 Russorum
288 3370 427 3441 ditione,
419 3368 492 3427 sicut
511 3377 540 3427 et
561 3367 592 3451 in
605 3368 737 3446 AEgypto
761 3370 947 3446 reperiuntur,
963 3369 992 3427 iu
1007 3368 1150 3453 plerisque
1174 3366 1300 3445 Europae

112 3475 206 3552 regnis
221 3484 336 3549 prorsus
348 3461 518 3543 desiderati,
533 3466 605 3524 sicut
626 3474 654 3524 et
673 3467 704 3524 in
718 3477 776 3525 tota
787 3467 955 3553 Anaetica,
943 3475 971 3523 et
983 3466 1068 3542 longe
1081 3464 1207 3524 maxima
1221 3463 1300 3525 ssia

112 3580 148 3628 et
154 3568 256 3626 Africae
271 3575 359 3644 parte.
401 3563 492 3621 Sectae
505 3572 613 3620 caeterae
624 3544 807 3639 Oiientales,
822 3547 986 3621 arctioribus
1008 3561 1146 3620 limitibus
1169 3561 1299 3629 incluse,

112 3662 200 3726 alibi
193 3675 364 3755 ignorantur.
386 3630 586 3761 Protestantes
586 3660 684 3719 adeo
677 3671 750 3720 mter
768 3681 800 3725 se
814 3634 960 3749 collidunt,
973 3660 1105 3737 dogmata
1118 3677 1170 3736 pro
1185 3658 1299 3729 arbitrio

112 3747 294 3830 exsudantes,
309 3769 340 3818 ut
353 3759 402 3817 vix
415 3758 445 3816 in
459 3740 542 3815 oniba
550 3758 695 3839 provincia
709 3758 803 3835 vigere
818 3732 874 3816 dici
894 3757 1024 3841 possint.
1048 3775 1114 3814 nam
1135 3754 1212 3833 apud
1227 3755 1299 3833 Gerf

16 3924 18 3929 ,
112 3875 212 3918 manos
223 3850 455 3920 Rationalismus,
468 3850 574 3910 Christ'
556 3862 631 3931 trano
646 3853 731 3947 pallio
745 3852 896 3925 obtectus,
898 3852 1055 3940 Deismum.
1060 3852 1166 3924 ubique
1180 3846 1298 3929 ιιιιι”
1252 3861 1297 3911 ιιι·

112 3954 208 4016 vexit:
224 3952 299 4045 apud
312 3944 499 4035 Anglicanos
496 3950 575 4019 avitae
586 3940 653 4008 fidei
665 3950 794 4025 quadam
807 3950 926 4033 vestigia
937 3944 1009 4031 inter
1019 3958 1146 4008 monstra
1153 3936 1299 4019 ιιιιιιιιιιιιιι

111 4047 278 4130 opinionum
290 4066 425 4106 novarum
433 4055 600 4133 occurruntJ
616 4046 645 4104 in
651 4044 785 4106 America
794 4044 929 4109 loederata
939 4045 1049 4104 infinita
1059 4045 1179 4104 habetur
1184 4055 1297 4104 senten

111 4151 213 4211 siarum
226 4145 362 4205 varietas:
384 4142 492 4202 caeteris
512 4142 655 4220 plermque
669 4144 743 4203 orbis
764 4143 925 4227 regionibus
940 4132 1132 4202 Protestantes
1149 4151 1295 4216 tamquam

61 4285 63 4289 >
105 4247 242 4315 *uiatores
257 4224 436 4308 mercatores,
451 4247 501 4299 aut
512 4238 647 4298 officiales
669 4235 776 4300 tantam
798 4239 995 4309 innotescunt.
1020 4230 1073 4326 nec
1094 4256 1226 4331 numero,
1241 4256 1294 4307 nec

260 4442 262 4447 ·
370 4416 406 4477 (l)
423 4413 486 4462 1.ιιι
496 4414 549 4463 ads
560 4415 698 4472 hesrom.
756 4412 758 4417 ’
850 4400 853 4406 ’

369 4496 405 4559 (2)
423 4495 469 4558 Ep.
480 4494 519 4544 52.
551 4519 554 4523 ·
599 4508 601 4512 “
908 4490 911 4497 ’

194 4602 197 4607 ·
287 4618 289 4623 .
369 4579 406 4641 (3)
421 4577 521 4628 Contra.
532 4590 570 4642 ep.
582 4576 652 4629 Man.
663 4571 772 4629 lundam.
784 4592 805 4627 c.
816 4576 839 4627 4.
912 4568 952 4573 ”
