2738 5032
101 229 157 283 tta
405 228 433 289 ’,ι
544 227 598 285 DE
619 227 900 289 MARTYRIBUS.

142 376 209 462 obj.
224 381 432 442 4.·Christiani
455 383 582 460 plerique
600 383 782 465 scomiamo,
804 385 891 443 animi
915 385 1025 443 scilicet
1052 393 1122 443 aestu
1148 386 1291 460 quodam,

98 480 216 559 abrepti,
233 479 267 538 ad
288 493 407 538 mortem
427 481 612 548 subeundam,
626 481 763 540 censendi
776 492 856 540 sunt:
878 483 1012 540 mulieres
1027 482 1144 559 quippe,
1160 482 1246 560 pueri
1261 496 1293 553 et

97 572 209 652 puelle,
220 586 248 632 et
259 575 360 653 vulgus
372 564 525 645 indoctum,
536 595 697 653 praeconum
708 576 857 654 Evangelii
868 577 1072 636 hortationibus
1082 579 1203 647 incensi,
1213 598 1291 638 mor·

99 685 156 730 tem
170 674 327 750 oppetiere,
342 693 394 752 spe
408 675 472 732 vite
487 684 606 733 etemoe.

136 768 233 847 Respo
247 770 335 829 Pauci
346 771 511 851 plerumque
521 783 590 827 estu
603 770 725 843 quodam
736 772 823 830 animi
834 772 1009 848 abripiuntur
1019 770 1053 830 ad
1065 770 1152 829 ardna
1162 789 1288 845 quaeque

97 866 295 943 aggredienda,
307 868 352 926 vel
366 884 504 926 aemmnas
518 866 686 941 tolerandas,
701 887 752 945 pro
764 869 904 927 sententia
917 868 989 929 nibil
1002 856 1057 926 sibi
1071 868 1228 949 profutura,
1239 870 1286 928 rel

65 996 68 1003 ·
96 980 148 1038 pro
163 962 242 1020 rede
263 964 345 1040 qu'us
360 965 475 1021 ueritate
495 982 553 1022 non
574 973 692 1021 constat.
734 962 893 1023 Christiani
909 975 1002 1021 autem
1022 963 1225 1041 quamplurimi
1246 983 1284 1023 ex

95 1076 174 1115 omni
166 1058 246 1116 ''sere
260 1058 383 1127 natione,
395 1070 424 1117 et
438 1059 605 1142 saeculorum
619 1060 704 1117 etiam
719 1058 884 1118 intervallo'
876 1056 1054 1146 interposito,
1066 1059 1152 1134 vitam
1163 1060 1287 1119 libenter

95 1153 278 1231 proludemnt
291 1175 342 1232 pro
357 1155 484 1223 Christo,
499 1154 580 1232 cujus
594 1156 720 1213 divinam
735 1156 929 1217 auctoritatem
941 1139 1081 1213 habebant
1093 1156 1282 1233 exploratam.

95 1251 230 1311 Clemens
240 1253 396 1320 Romanus
408 1253 543 1321 lrenaeus,
553 1264 653 1330 praeter
662 1254 732 1313 ahos
741 1273 813 1329 quos
816 1252 1286 1367 jamlaudavInus,sexcentosque

95 1443 210 1503 indocto
224 1445 396 1508 confundere
410 1465 495 1505 nemo
508 1447 585 1504 velit.
627 1447 711 1515 Quod
725 1457 817 1509 autern
833 1458 861 1506 et
874 1448 974 1524 pnellae
988 1458 1017 1505 et
1026 1449 1160 1524 juvenes,
1174 1456 1205 1506 et
1218 1467 1281 1507 mn·

92 1541 185 1609 lieres,
200 1552 229 1599 et
242 1543 323 1618 plebs
337 1544 430 1601 omnis
450 1553 580 1628 paratum·
591 1545 632 1619 adl
641 1546 808 1622 martyrium
821 1544 1003 1603 exhibuerint
1016 1545 1154 1613 animum,
1169 1562 1208 1602 ex
1223 1544 1284 1604 eri·

92 1635 187 1695 dentia
207 1638 365 1697 christianae
386 1639 564 1698 revelationis
578 1639 622 1698 ιιι
642 1641 756 1715 sactum,
772 1659 860 1713 quum
878 1659 926 1709 ,res
940 1640 1035 1717 'geste
1050 1632 1154 1712 qnibns
1175 1641 1280 1698 veritas

92 1718 376 1815 eJ‘uscomprobatur,
392 1736 476 1795 etiarn
496 1737 702 1814 simpliciorum
718 1736 877 1807 =intellectui
899 1730 972 1794 sicut
992 1736 1021 1807 st
1040 1730 1221 1794 doctissimis·
1236 1738 1279 1796 in-

93 1830 196 1907 geniis,
211 1833 268 1890 sint
281 1833 512 1892 accommodatae.
552 1826 621 1891 Non
635 1844 705 1891 aestn
719 1833 904 1909 igitnranimi
925 1833 1042 1910 abrepti,
1057 1830 1108 1889 sed
1122 1832 1280 1892 christiane

89 1925 182 1986 edocti
196 1938 224 1984 et
237 1927 371 1988 divinitus
384 1913 474 2006 adjuti
488 1920 622 1986 censendi
636 1938 712 1995 sunt,
725 1928 774 1999 qui
788 1937 908 1985 mortem
922 1917 974 2004 pro
989 1926 1105 1986 Christo
1119 1929 1279 2005 oppetiere.

11 2062 15 2066 -
88 2025 186 2083 Animi
200 2027 395 2100 tranquillitas,
411 2045 477 2102 erga
487 2025 642 2082 carnifices
663 2025 868 2092 benevolentia,
883 2035 912 2082 et
924 2025 1058 2119 gandium
1080 2025 1155 2082 inter
1168 2024 1280 2085 dirissi-

88 2139 152 2179 mos
166 2122 315 2189 cruciatus,
328 2140 385 2183 non
397 2120 549 2207 ostendunt
561 2120 751 2199 lanatismum,
764 2121 823 2179 sed
827 2120 941 2205 plenam
955 2114 1165 2180 'convictionem
1176 2124 1279 2183 verita·

88 2217 135 2284 tis,
160 2224 197 2274 st
207 2214 339 2277 intimam
366 2234 431 2275 curn
458 2216 522 2275 Deo
547 2217 787 2294 conjunctionem.
830 2217 903 2293 Spes
920 2213 1042 2289 quidem
1069 2226 1255 2329 aetmaeq
1207 2201 1275 2285 'vite

88 2313 199 2370 animos
222 2308 290 2370 illis
300 2310 368 2371 fecit
387 2323 419 2371 ut
437 2313 604 2390 gravissima
625 2331 744 2413 quaeque
765 2323 935 2399 paterentur,
950 2313 1131 2401 aspiciebant
1145 2332 1225 2373 emm
1245 2317 1276 2375 in

86 2396 318 2477 retributionem
333 2409 385 2467 sed
397 2410 446 2468 illa
459 2420 533 2468 tanta
547 2409 649 2467 fiducia
663 2400 828 2509 certissimis
843 2396 1053 2487 probationibus
1069 2408 1195 2469 veritatis
1216 2411 1273 2470 Re-

85 2492 201 2582 ligionis
223 2498 397 2569 Christianae
414 2506 562 2595 nitebatur,
576 2525 629 2565 nec
649 2507 725 2593 enirn
745 2524 814 2584 vaga
833 2525 952 2581 quaeque
966 2508 1075 2566 futurae
1089 2486 1272 2599 beatitudinis

84 2600 240 2679 promissio
251 2605 360 2683 potuit
351 2603 502 2662 animumn
513 2582 705 2680 praesentibus
720 2602 857 2680 abducere
870 2604 964 2671 bonis,
979 2614 1007 2662 et
1021 2603 1056 2661 ad
1070 2605 1212 2713 ιιιιιίιιιιιιι
1232 2615 1275 2666 ιο·

82 2697 215 2801 lerandoa
230 2699 352 2760 firmare
404 2756 409 2763 ,
449 2705 451 2712 ’
1080 2715 1083 2721 ·
1233 2708 1236 2717 “

82 2790 193 2877 obj.
207 2793 238 2856 tt.
259 2789 328 2857 Non
342 2813 441 2858 omnes
457 2808 490 2854 ea
503 2796 693 2875 praestitemnt
706 2795 931 2878 mansuetudine,
947 2795 998 2856 sed
1011 2796 1107 2873 potius
1119 2776 1249 2873 probra
1241 2818 1272 2877 m

79 2898 202 2977 judices
208 2898 360 2975 ¹jactarunt.
400 2876 488 2962 Quod
499 2913 576 2959 vero
581 2893 708 2971 pertinet
716 2893 750 2953 ad
771 2872 927 2983 gandium
919 2905 992 2952 mter
1006 2894 1156 2963 cruciatus,
1173 2896 1271 2995 plnres

84 2995 196 3066 sectarii
200 2988 369 3051 laetabundi
384 2993 462 3049 ibant
475 2991 509 3053 ad
523 3000 644 3049 mortem
658 3001 774 3068 propter
787 3010 854 3049 snos
869 2994 987 3051 errores.

122 3090 211 3166 Reep
232 3089 322 3146 Pauci
332 3087 460 3164 omnino
457 3088 559 3144 acerbe
570 3086 658 3143 locuti
669 3091 744 3154 sunt,
756 3087 844 3160 hique
855 3087 918 3146 zelo
930 3074 995 3145 lidei
1006 3097 1034 3145 et
1034 3069 1164 3165 virtutis,
1174 3064 1272 3167 potius

84 3205 169 3262 quam
192 3185 286 3247 animo
311 3183 432 3241 infenso
482 3182 527 3240 Ad
550 3181 775 3240 emendationem
796 3196 1007 3260 persecutomm
1028 3185 1149 3292 juvabat
1169 3198 1202 3245 ut
1222 3189 1273 3247 ali·

80 3283 193 3362 ‹Juando
208 3279 422 3358 corriperentur,
434 3278 480 3336 vel
493 3279 592 3337 saltem
608 3277 652 3335 ad
657 3273 862 3346 vindicandos'
855 3284 1029 3351 innocentes,
1044 3280 1141 3358 impiis
1156 3271 1268 3359 pudore

84 3381 213 3449 suffusis.
247 3380 296 3437 Sic
310 3398 340 3437 re
342 3377 395 3436 se'rt
404 3373 548 3438 Eusebius
553 3385 715 3458 martyrem
727 3375 881 3436 AEde'sium
890 3368 1036 3456 Judicem
1030 3379 1270 3454 Alexandrinum,

81 3480 214 3540 mulieres
229 3486 320 3537 castas
335 3486 363 3533 et
376 3485 509 3534 sacratas
517 3471 580 3532 Deo
594 3472 718 3550 virgines
731 3470 880 3542 lenonibus
896 3474 1055 3543 dedentem,
1071 3476 1163 3534 verbis
1179 3479 1270 3539 simul

81 3597 114 3636 ac
141 3575 222 3636 factis
242 3571 356 3653 pudore
379 3576 461 3646 atque
489 3562 645 3648 ignominia
669 3570 852 3647 ιιειιιιιιιιιι.1
904 3561 1031 3657 Maligne
1059 3572 1121 3630 haec
1145 3573 1182 3631 de
1204 3584 1270 3652 per-

81 3692 165 3732 cusso
175 3668 293 3750 judice
286 3679 482 3747 interpretatur
497 3667 621 3738 Gibbon,
635 3686 697 3739 quae
712 3665 747 3724 de
758 3676 859 3725 conatu
873 3665 1050 3744 eripiendi
1023 3653 1146 3744 virgines
1160 3671 1268 3729 rectius

67 3768 281 3869 intelliguntur.
324 3767 466 3825 Novimus
480 3752 563 3824 eirS.
579 3763 724 3823 Bernardo
737 3765 872 3822 sectarios
893 3762 1070 3824 Manichacus
1085 3765 1269 3828 letabundus
1306 3836 1312 3849 J

79 3885 144 3925 sese
157 3861 320 3922 exhibuisse
340 3861 407 3920 dum
428 3862 463 3920 ad
483 3873 601 3951 mortem
615 3859 790 3926 ducerentur,
806 3859 934 3935 populo
926 3878 956 3917 m
969 3879 1017 3917 eas
1032 3856 1172 3920 irruente.
1164 3848 1189 3899 3
1208 3862 1294 3927 ssd*-

58 3963 165 4038 longe
180 3959 264 4017 distat
283 3959 369 4017 animr
360 3957 478 4029 letitia
492 3976 575 4030 quarn
589 3957 619 4014 in
639 3955 840 4033 martyribus
828 3953 984 4023 laudamus,
1000 3957 1034 4013 ab
1048 3955 1139 4014 effuso
1153 3958 1261 4034 gaudio

22 4057 157 4133 tquod
171 4056 337 4117 affectabant
350 4074 399 4128 qui
389 4053 540 4112 ''nollent
532 4072 563 4110 m
576 4053 638 4128 ipsa
651 4060 740 4109 morte
754 4050 823 4108 'victi
835 4049 934 4108 videri.
965 4051 1113 4141 Superbia,
1125 4071 1265 4128 amorque

79 4154 172 4215 inanis
193 4151 291 4229 gloriae
311 4160 437 4226 possunt
443 4144 585 4207 nonnullis
599 4147 683 4204 etiarn
697 4145 839 4203 morituris
859 4147 968 4205 animos
983 4144 1094 4219 addere,
1111 4159 1149 4206 ut
1155 4137 1219 4208 laeit
1215 4163 1268 4209 et

79 4249 282 4345 triumphantes
296 4245 455 4329 videantur.
472 4245 550 4303 abest
570 4258 663 4325 temen
680 4241 765 4300 animi
781 4242 930 4316 vultusque
951 4263 1050 4331 serena
1063 4246 1266 4325 tranquillitas,

305 4476 341 4536 (l)
360 4472 447 4524 Euscb.
459 4475 499 4523 lib.
511 4475 540 4523 de
553 4474 656 4537 Martyr.
689 4471 809 4548 Palest.·c.
821 4435 864 4522 5}

309 4556 344 4619 (2)
367 4556 392 4604 S.
403 4555 474 4606 Bern.
487 4556 512 4606 in
523 4556 594 4606 Cant.
604 4555 683 4606 Serm.
694 4554 740 4603 ιιι.
