2738 5032
88 280 149 337 Μ
339 274 395 337 DE
416 272 775 337 trosuonctutuu
796 272 1026 337 fluctuetur.

90 436 236 513 Apostolis
259 454 311 514 per
331 436 530 513 episcoporum
552 435 751 493 successiones
776 434 914 503 traditam,
939 437 986 494 cui
1010 435 1135 495 concinit
1154 454 1190 496 ea
1209 452 1270 512 qne

90 552 190 592 eorum
205 534 318 611 scriptis
332 532 502 591 continetur.

132 626 200 711 Obj.
222 632 251 687 t.
273 628 318 687 De
338 630 521 688 successione
548 628 713 706 Apostolica
737 639 802 705 post
821 638 861 686 tot
881 629 994 696 secula,
1015 646 1167 703 rerumque
1186 630 1273 698 vices,

90 726 168 785 nulla
187 739 281 805 potest
293 728 390 787 haberi
404 727 563 795 certitudo;
579 729 733 804 presertim
748 745 837 800 quum
856 728 975 787 intentio
995 729 1128 796 ministri,
1143 732 1208 802 que
1222 725 1275 788 soli

89 824 176 893 Deo'
168 827 327 895 rancescit,
343 825 379 885 sd
400 826 531 886 ordinum
545 825 724 885 collationem
738 826 904 919 requiratur,
922 827 1004 903 juxta
1019 826 1224 886 Tridentinum
1235 826 1272 886 de

88 922 278 982 Sacramentis
303 925 484 1002 principium.
524 923 665 982 Praeterea
687 923 782 982 Greci
805 925 1018 995 suecessiquem
1040 924 1095 987 sihi
1118 923 1273 1027 vindicant,

89 1018 209 1093 eamque
224 1021 372 1098 duplicem
387 1020 518 1078 ridentur
531 1019 644 1078 habere.
1195 1038 1198 1043 ·

128 1116 215 1196 Resp.
238 1117 367 1176 Habetur
379 1115 543 1176 omnimoda
555 1115 693 1174 certitudo
706 1135 743 1174 ex
757 1115 866 1175 Christi
887 1115 1089 1194 pollicitatione
1104 1126 1137 1175 se
1156 1134 1276 1196 semper

87 1213 254 1290 Apostolico
269 1214 426 1272 ministerio
440 1212 611 1280 adfuturum,
625 1212 701 1286 quod
722 1212 840 1290 proinde
854 1230 968 1289 semper
981 1214 1094 1271 existet.
1136 1212 1274 1273 Intentio·

87 1328 153 1369 nem
169 1310 290 1369 faciendi
304 1311 380 1384 quod
394 1309 461 1368 lacit
473 1309 606 1368 Ecclesia
618 1309 724 1382 requiri
737 1308 867 1367 definivit
880 1308 1080 1368 Tridentinum
1095 1302 1273 1380 Concilium,

87 1417 120 1464 ut
138 1406 256 1465 Lutheri
270 1405 435 1484 exploderet
455 1424 589 1473 errorem,
604 1406 652 1478 qui
667 1416 756 1463 totum
778 1403 848 1463 fidei·
858 1405 1040 1481 suscipientis
1059 1406 1197 1473 tribuens,
1212 1424 1279 1465 con·

87 1500 219 1560 tendebat
231 1501 306 1559 haud
320 1502 433 1569 referre,
448 1511 541 1579 utrum
562 1502 693 1559 minister
704 1501 781 1559 serio
795 1499 839 1557 vel
856 1501 934 1578 joco,
949 1501 1030 1563 mimi
1051 1501 1283 1581 iustae-ageret.¹

87 1596 120 1654 si
134 1609 228 1654 autem
243 1597 350 1673 placeat
359 1612 428 1654 cum
443 1596 572 1673 plurimis
587 1595 745 1673 'I'lreclogis
759 1595 846 1653 animi
860 1596 1046 1654 intentionem
1060 1604 1181 1656 externo
1194 1598 1271 1657 actui

87 1692 311 1770 ita'respcndcre
324 1692 436 1762 debere,
453 1705 484 1750 ut
497 1713 562 1751 vere
574 1693 638 1766 quis
652 1703 792 1769 proponat
804 1692 894 1749 iacere
909 1691 985 1765 quod
998 1689 1072 1759 serid
1085 1692 1200 1762 videtur
1218 1694 1275 1753 isc·

88 1803 177 1860 turus,
187 1802 254 1853 tuuc
265 1792 328 1869 ipsa
340 1791 448 1851 Christi
463 1792 627 1869 pollicitatio
641 1790 804 1849 vadimonio
817 1798 870 1857 est,
880 1807 1036 1863 numquam
1050 1790 1159 1865 aliquid
1173 1791 1273 1853 fraude

88 1888 134 1946 rel
148 1888 257 1947 malitia
272 1887 421 1946 hominum
435 1888 598 1963 contingere
612 1903 710 1962 posse,
724 1903 781 1959 quo
797 1885 943 1944 successio
958 1885 1044 1944 dubia
1055 1887 1169 1946 eradat.
1199 1887 1233 1947 tn
1245 1906 1278 1949 re

86 2004 149 2060 que
164 1996 222 2045 tota
234 1985 338 2063 pendet
351 2004 388 2043 ex
401 1984 497 2042 liberis
513 1983 568 2045 Dei
582 1978 710 2041 consiliis
720 1982 802 2040 nobis
816 1982 986 2042 revelatione
1000 1985 1160 2061 patefactis,
1175 1985 1276 2045 incon·

87 2103 187 2160 ιιιιιιι
210 2102 269 2141 ιιι
290 2092 335 2139 ιιι
356 2082 450 2157 ipsum
473 2078 621 2138 Christum
647 2078 780 2136 exhibere
805 2078 947 2143 uindicem
970 2081 1019 2153 qui
1039 2080 1147 2141 nodum
1167 2083 1271 2142 soluat.

85 2177 234 2252 Quidquid
253 2177 338 2254 igitur
351 2177 389 2234 sit
402 2175 437 2233 de
450 2175 499 2233 illa
519 2176 734 2253 Theologomm
748 2175 896 2244 sententia,
912 2175 989 2235 nudo
1010 2187 1093 2254 pacto
1107 2186 1159 2235 ιιι·
1172 2177 1270 2247 lormi-

85 2276 208 2334 dandum
227 2294 265 2334 ne
285 2276 429 2333 successio
449 2274 571 2333 deficiat
611 2273 696 2341 Quod
709 2283 801 2332 autem
816 2274 912 2333 Greci
931 2274 1044 2334 ordines
1064 2274 1199 2344 habeant,
1214 2280 1273 2339 nm'r

83 2390 233 2449 gravamur
257 2372 355 2439 sateri3
378 2371 429 2429 sed
452 2356 625 2446 Apostolice
648 2364 848 2431 successionis
858 2371 925 2448 jura
944 2371 1095 2431 manifesto
1111 2371 1272 2431 schismate

85 2468 275 2534 amissasunt,
288 2487 375 2539 quum
388 2468 464 2524 enim
480 2467 613 2525 Christus
627 2485 713 2525 unam
725 2467 845 2525 voluerit
855 2485 919 2525 esse
933 2469 1106 2537 Ecclesiam,
1117 2470 1273 2544 qui-uuita·

86 2564 259 2642 tis'ligameu
274 2562 434 2639 dismmpit,
450 2574 529 2620 extra
542 2561 706 2621 Ecclesiam
717 2562 759 2631 fit,
774 2573 803 2620 et
818 2563 1055 2640 jurisdictionem,
1070 2584 1135 2639 que
1145 2556 1184 2624 ἰιι
1202 2558 1270 2643 ipsa

86 2658 201 2738 pendet,
216 2652 349 2717 amittit'·
369 2658 454 2726 Quod
474 2658 509 2716 ad
529 2659 702 2735 Anglicauos
716 2658 823 2727 attinet,
838 2661 936 2719 vitium
950 2660 1009 2739 hoc
1020 2660 1275 2737 meritoohjicitur·

87 2777 184 2817 eorum
195 2759 307 2834 jactate
321 2757 507 2824 successioni,
519 2767 550 2816 ut
562 2757 673 2815 interim
687 2756 821 2815 sileamus
835 2756 870 2815 de
883 2757 1034 2817 ordinibus·
1043 2759 1126 2836 ipsis,
1138 2775 1211 2832 quos
1224 2758 1264 2816 ob

85 2875 187 2915 novam
210 2854 329 2914 sormam
350 2856 403 2912 sub
425 2854 561 2913 Eduardo
575 2872 641 2931 rege
663 2854 826 2923 ἰιιιιιιιιιι,1
845 2864 874 2912 ct
888 2856 924 2913 ob
944 2853 1023 2914 liter'n
1036 2855 1072 2913 de
1093 2854 1211 2915 Parksri
1230 2855 1263 2914 iu

85 2953 339 3029 Archiepiscopum
362 2951 596 3010 cantuariensem
618 2953 853 3020 consecratione,¹
866 2952 937 3010 nihil
955 2953 1065 3021 valere,
1074 2970 1180 3030 magno
1194 2936 1269 3012 'con-

84 3067 170 3105 sensu
191 3047 333 3122 Theolcgi
357 3048 528 3105 existimant.
571 3046 726 3105 Diversitas
747 3047 891 3116 doctrine,
905 3047 1052 3107 schismati
1073 3045 1268 3126 superaddite,
1280 3126 1283 3131 .

85 3164 198 3205 omnem
220 3144 410 3200 successionis
431 3146 556 3219 speciem
578 3143 737 3202 necessarii
758 3145 838 3213 tollit,
853 3145 898 3203 vel
911 3146 1039 3215 saltem
1027 3164 1077 3223 ιιι
1091 3163 1179 3204 omne
1189 3144 1271 3221 quod

83 3262 122 3302 ex
146 3242 327 3300 successione
349 3228 379 3299 in
402 3242 572 3299 auctoritatis
594 3241 756 3319 presidium
774 3252 872 3318 posset
891 3242 1021 3312 derivari,
1040 3244 1174 3321 abrogat:
1201 3238 1286 3303 nttur'.¹

85 3322 220 3401 Christus
233 3340 400 3398 docentibus
414 3358 446 3396 se
461 3337 597 3415 perpetud
611 3338 769 3398 adfuturum
784 3340 925 3416 pollicitus
938 3350 1001 3409 ιιι;
1017 3341 1067 3413 qui
1079 3359 1150 3419 ergo
1169 3360 1191 3399 a
1203 3341 1272 3401 doo-

82 3428 156 3501 trina
168 3437 350 3496 decessorum
365 3454 481 3494 sucmm
496 3437 530 3492 ab
544 3435 745 3512 Apostolorum
760 3437 935 3513 temporibus
948 3438 1086 3514 perpetuo
1097 3437 1201 3496 tradita
1213 3438 1273 3497 'dis-

85 3536 179 3603 sentit,
193 3554 266 3593 nova
279 3552 332 3592 ιιι
353 3533 468 3610 ingenio
482 3532 638 3601 excudens,
653 3532 706 3591 vel¹
718 3533 836 3591 aliomm
857 3534 1009 3610 placitaex
1022 3532 1163 3593 'cathedra
1183 3550 1278 3609 quam·-

65 3694 68 3701 ,
86 3641 204 3708 occupat
218 3632 324 3707 primus
339 3629 461 3696 tradens,
473 3631 534 3706 jam
548 3630 581 3687 fit
593 3630 701 3688 alienus
716 3630 796 3688 abiis
811 3630 912 3702 quibus
927 3631 1073 3688 successit.
1091 3682 1097 3689 .
1116 3629 1197 3690 Hinc
1210 3638 1270 3691 me·

85 3728 139 3785 rito
154 3726 255 3803 adjecit
268 3727 471 3795 Tertullianus,
487 3725 522 3783 de
536 3727 645 3804 origine
666 3726 805 3801 Ecclesie
819 3727 853 3784 ah
869 3726 1038 3804 -Apostolioc
1051 3727 1117 3803 viro
1130 3725 1267 3802 loquens,
1298 3800 1303 3805 .

87 3834 107 3861 ‘⁸
119 3824 169 3896 qui
183 3809 275 3882 tamen
289 3840 354 3882 cum·
368 3824 512 3901 Apostolis
527 3824 780 3902 perseveraverit.’·’
821 3824 916 3891 Quum
930 3827 1015 3903 igitur
1027 3835 1139 3884 constet
1154 3826 1278 3896 ‘Parkes

86 3940 159 3992 rum,
171 3921 205 3981 ab
217 3940 252 3979 ιο
263 3923 323 3996 qui,
335 3924 428 3985 Maria
435 3933 579 3998 regnante,
592 3921 688 3979 sedem
700 3920 777 3986 illam
788 3932 945 4000 occuparat,
958 3924 1075 3983 omniuo
1083 3923 1268 4002 discrepasse

117 4117 154 4176 (1)
171 4113 287 4164 Eduardo
298 4122 414 4180 regnante
431 4131 493 4164 nova
510 4115 610 4164 inducta
620 4121 657 4163 ιιι
668 4106 745 4197 forma
757 4116 915 4166 consecrandi
932 4115 1066 4182 Episcopus
1076 4131 1132 4180 qute
1143 4117 1271 4183 plerisque

84 4198 218 4250 Catholicis
228 4198 361 4262 Theologis
372 4199 439 4249 omni
452 4200 474 4249 vi
486 4214 570 4248 carcre
581 4198 633 4247 visu
639 4205 687 4248 est.
832 4210 836 4215 ·

117 4281 154 4343 (2)
170 4283 235 4331 Actu
246 4281 434 4329 consecrationis
449 4280 548 4330 nonnisi
565 4278 754 4331 ιιι.1ΰ14ιι1ἰιι
769 4288 834 4342 sunt,
845 4288 971 4345 tamquam
981 4298 1013 4331 ex
1028 4282 1132 4348 repostis
1142 4283 1266 4335 Cautum·

85 4364 200 4423 iensihus,
217 4363 329 4428 quamuis
345 4365 456 4414 evenisse
470 4365 591 4415 dicersttu
608 4381 648 4414 un
664 4365 735 4424 1⁵⁵9,
745 4366 833 4416 etlites
850 4365 960 4430 plunmrs
978 4369 1008 4417 ab
1019 4383 1048 4417 ιο
1064 4373 1172 4432 tempore
1183 4370 1214 4419 de
1232 4386 1264 4420 ee

84 4449 134 4499 sint
144 4456 224 4499 mete.
256 4447 378 4497 Ceterum
390 4447 506 4512 ningere,
517 4449 620 4514 scriptor
631 4449 740 4510 celebris,
751 4466 806 4500 eam
819 4465 875 4501 vere
892 4451 1014 4514 peractam
1028 4457 1105 4514 putat,
1116 4467 1163 4502 nec
1179 4460 1263 4504 tamen

84 4532 115 4582 ds
126 4533 205 4582 valore
216 4531 325 4597 ejusdem
336 4530 396 4596 agit,
406 4546 482 4593 quum
493 4533 547 4580 hec
559 4549 589 4581 cx
600 4530 679 4582 valere
691 4525 880 4599 consecrationis
896 4534 1002 4584 Barlovii
1012 4541 1038 4584 st
1051 4535 1138 4595 Scorii,
1149 4537 1192 4600 qul
1208 4555 1268 4595 eam,

84 4617 207 4682 peregisse
216 4615 329 4666 dicuntur
341 4614 450 4680 pendeat,
460 4621 484 4664 ιι
496 4631 526 4665 ιι
537 4617 590 4681 ipsa
600 4616 679 4668 forma
688 4614 880 4669 conmutationis
890 4634 944 4682 que
963 4618 1121 4672 Eduardiens
1130 4628 1191 4672 erat„
