2738 5032
385 244 445 309 nn
463 240 684 307 acernus
705 212 984 309 annonarias.
1099 186 1102 191 ’
1178 312 1199 329 ..
1219 234 1276 301 an

92 420 220 480 evmqas
241 406 328 485 igitar
346 405 509 485 allegantur,
523 400 653 464 habenda
670 413 737 463 sant
756 404 871 474 iacens,
885 405 931 464 vel
951 405 1050 464 saltem
1069 354 1278 479 quoad-iser

94 506 193 571 musa,
207 502 271 562 Deo
283 502 397 562 vindica
409 520 483 580 opus
496 520 554 561 non
573 502 705 561 babens.²

1291 48 1307 99 i

131 594 227 678 Hesp.¹
245 601 310 658 Nec
319 608 376 658 >nos
390 600 521 673 volumus
533 598 668 659 miracula
688 616 751 671 quas
764 597 795 659 in
815 598 1002 675 posteriorum
1016 596 1193 656 documentis
1206 592 1278 653 reie-
1295 580 1299 587 ¹

94 706 203 765 rentur,
215 696 399 774 Evangelicis
412 692 594 773 oequ'iparare.
637 695 779 754 Caeterum
793 712 828 754 aa
841 695 980 772 principia
994 704 1056 768 qu'a
1070 713 1108 753 ex
1126 682 1276 751 hominurn

95 793 266 885 testimoniis
277 792 445 861 derivantur,
457 792 492 851 ad
506 793 552 851 bis
563 791 766 863 conciliandam
780 786 931 885 humanam
944 791 1082 864 quandam
1092 790 1188 858 tidem,
1200 786 1276 866 apud

95 908 146 949 eas
160 890 211 963 qni
225 889 350 949 divinam
364 890 514 949 Sacrorum
536 889 711 966 Scriptorum
731 889 923 948 auctoritatem
936 906 994 947 non
1007 897 1174 967 agnoscunt,
1188 886 1276 944 inser·

93 986 176 1045 viunt
188 986 273 1045 etiam
293 986 495 1062 posterioribus
512 985 658 1043 miraculis
676 984 837 1062 probandis.
879 984 943 1043 Nec
961 985 1037 1041 enim
1057 983 1183 1041 omniaa
1202 981 1277 1040 fama
1313 978 1317 993 ⁸

97 1083 186 1160 vulgi,
201 1084 247 1141 vel
260 1085 446 1143 recentiorum
461 1083 516 1141 lide
531 1083 696 1159 plerumque
710 1083 844 1160 pendent,
859 1082 909 1140 sed
920 1067 1009 1140 ¹testes
1029 1081 1134 1139 habent
1153 1080 1277 1156 locuple·

98 1189 151 1248 tes,
163 1190 193 1239 et
205 1181 310 1256 sapitis
322 1181 458 1247 oculatos,
470 1179 518 1252 qui
533 1178 674 1255 publicam
688 1179 833 1257 appellant
842 1179 934 1237 fidem.
965 1178 1093 1238 ¹Irenaeus
1106 1177 1230 1253 prosectu
1242 1175 1276 1235 de

100 1276 221 1335 mortuis
234 1277 375 1334 suscitatis
390 1286 418 1333 et
431 1275 505 1352 apud
519 1274 616 1333 fideles
631 1276 723 1334 adhuc
735 1277 922 1344 versantibus,
946 1293 1077 1348 amquam
1091 1274 1170 1331 testis
1185 1272 1278 1330 ceula-

97 1381 155 1441 tus,
163 1372 274 1431 lectitas
283 1385 343 1435 est:
367 1371 531 1448 Cyprianus
543 1372 617 1446 qupd
629 1372 693 1448 ipso
701 1373 874 1431 sacrificante
885 1373 1013 1449 contigit,
1025 1380 1130 1429 narrat:
1138 1369 1279 1446 Augusti·

95 1488 155 1528 aus
168 1469 250 1546 plura
262 1488 324 1543 quae
337 1470 429 1530 oeulis
443 1468 503 1526 suis
514 1468 760 1543 videratquaque
771 1472 876 1529 civitati
887 1471 1001 1548 inegrae
1011 1471 1205 1531 innotuerant:
1229 1467 1278 1524 Sic

98 1577 127 1626 st
145 1567 303 1645 Imperator
323 1567 511 1645 lastinianus,
526 1567 629 1641 aliique
654 1567 826 1645 complures,
841 1588 872 1627 se
891 1569 1016 1628 oculatos
1030 1578 1115 1626 testes
1129 1566 1279 1644 perhibent

98 1656 248 1723 hominum
272 1665 378 1738 absque
399 1664 496 1740 lingua
516 1663 704 1737 loquentium.
730 1663 829 1731 .Quod
851 1673 944 1722 autem
965 1663 1186 1737 canonizationis
1208 1661 1277 1721 ritus

97 1763 211 1821 nonnisi
225 1772 290 1840 post
302 1762 468 1821 diuturnum
479 1744 753 1838 annemm‘spatium
767 1761 826 1829 fiat,
840 1775 872 1818 ut
885 1760 914 1819 in
927 1778 958 1818 re
970 1771 1026 1818 tam
1039 1760 1118 1836 gravi
1131 1759 1226 1818 nullus
1240 1757 1279 1816 sit

98 1857 194 1939 sudio
216 1858 429 1927 vehementiori,
444 1858 492 1917 vel
509 1858 670 1934 deceptioni
688 1857 779 1939 locus,
801 1856 1012 1934 sapientissime
1023 1864 1136 1913 cautum
1149 1868 1210 1923 est3
1228 1854 1279 1912 sed

98 1954 309 2025 tasa'moniade
322 1956 387 2013 vitea
403 1955 548 2014 sanctitate
565 1965 594 2024 et
611 1954 755 2021 miraculis
772 1954 954 2030 excipiuntur
973 1951 1109 2011 decennio
1130 1960 1196 2027 post
1214 1968 1280 2026 pro·

59 2060 77 2121 '‚
96 2064 212 2111 susum
224 2051 259 2109 de
273 2051 347 2110 sama
358 2052 524 2120 sanctitatis,
535 2070 598 2126 quae
609 2044 737 2111 examini
745 2054 846 2110 se'vero
860 2051 999 2127 subjecta,
1007 2058 1035 2107 et
1045 2047 1138 2107 valida
1151 2047 1277 2124 probata,

82 2149 322 2226 *manicationes
346 2148 527 2209 fimdamenta
542 2147 661 2228 jaciant,
676 2151 811 2223 quamvis
831 2149 867 2208 ad
886 2166 971 2209 omne
991 2146 1101 2207 errandi
1123 2145 1279 2227 perieulum

95 2244 309 2317 declinandum,
329 2238 531 2329 quinquaginta
550 2256 734 2325 expectentur
754 2247 820 2306 anni
840 2257 991 2320 antequam
1010 2245 1082 2303 ultra
1100 2242 1278 2329 procedatur.

83 2342 203 2403 ‚Merito
224 2342 422 2420 probatissima
434 2343 614 2421 interempia
626 2344 697 2403 dicit'
714 2345 806 2422 Paley
826 2344 888 2419 lraec
905 2342 1064 2410 miracula,2
1076 2360 1164 2416 quum
1181 2359 1280 2419 revera

96 2430 266 2499 sitexamen
277 2430 500 2508 severissimum,
510 2441 587 2515 qu'od
597 2459 632 2500 ea
643 2444 845 2501 extraomnam
856 2440 1057 2500 dubitationem
1068 2439 1158 2517 ponit,
1170 2438 1281 2498 adeout
1301 2454 1304 2461 ·

97 2536 207 2614 rejiciat
220 2537 325 2613 saepius
339 2536 470 2612 tribunal,
481 2546 627 2612 tamqnam
644 2538 719 2596 haud
738 2526 893 2606 sufficiens,
908 2537 1101 2597 testimonium
1115 2535 1191 2609 quod
1205 2534 1279 2602 aliis,

92 2632 547 2721 'juxte-communes'oertitudinis
561 2653 598 2692 ex
615 2635 738 2694 humana
751 2634 807 2692 lide
826 2634 976 2710 pendentis
994 2633 1116 2710 regulas,
1131 2631 1276 2690 sufficiens

100 2728 282 2789 haberetne.
294 2730 380 2798 Quod
392 2730 427 2788 ad
441 2731 474 2789 S.
488 2731 591 2808 ignatii
602 2751 619 2788 a
631 2730 733 2808 Lojola'
742 2731 877 2789 miracula
891 2731 1019 2807 pertinet,
1031 2748 1065 2786 ea
1076 2728 1279 2786 Ribad'eneirae

98 2827 229 2904 scriptori
246 2829 307 2905 ejus
322 2828 396 2897 vitat,
414 2827 697 2901 innotuerant'qucd
710 2828 793 2905 plane
808 2829 953 2904 professus
967 2835 1027 2883 est:
1051 2824 1157 2882 “Mihi
1170 2833 1279 2882 tantum
1311 2898 1313 2902 Ι

99 2920 180 2985 abest
192 2936 224 2995 ut
236 2925 271 2984 ad
284 2926 369 2987 vitam
384 2927 487 3003 Ignatii
500 2927 693 2986 illustrandam
707 2927 844 2987 miracula
855 2925 1130 3001 ‚deesscyvideantun
1145 2932 1177 2982 ut
1190 2923 1278 2983 multa

96 3040 186 3097 eaque
201 3024 432 3100 prestantissima
441 3024 570 3109 judicem
584 3025 614 3083 in
625 3012 719 3083 media
730 3025 795 3083 luce
807 3025 959 3083 versari.”⁴
984 3024 1131 3083 Caeterum
1145 3042 1179 3082 ea
1192 3021 1279 3099 priori

96 3122 143 3179 sui
155 3121 252 3198 operis
265 3121 389 3201 editione
403 3122 494 3181 noluit
506 3122 652 3200 sigillatim
664 3142 821 3192 recensere,
833 3141 870 3186 ne
881 3123 996 3183 decreto
1009 3122 1178 3181 Tridentino
1189 3138 1280 3197 nuper

98 3217 175 3278 edito
188 3219 224 3277 de
237 3219 381 3278 miraculis
395 3219 477 3279 haud
484 3221 608 3297 probatis
623 3240 682 3288 non
694 3221 882 3300 divulgandis,
897 3223 1034 3282 connaire
1048 3219 1206 3285 videntum
1228 3217 1279 3274 sed

98 3317 210 3395 sejam
230 3317 306 3395 apud
326 3317 425 3377 sedem
446 3319 646 3392 Apostolicam·
662 3321 778 3397 probata
790 3321 877 3380 terne
898 3325 993 3398 operis
1010 3318 1131 3377 'editioni
1151 3314 1278 3373 inseruit.

86 3411 185 3473 »Hand
199 3415 295 3475 omnia
305 3415 440 3474 miracula
453 3416 551 3494 procul
564 3436 582 3474 a
593 3416 664 3474 locis
674 3417 727 3497 ubi
737 3426 843 3495 patrata
857 3417 987 3476 dicuntur
999 3412 1092 3494 primb
1104 3412 1190 3483 relata
1202 3421 1278 3478 sunt,

98 3509 151 3569 sed
163 3529 264 3571 eorum
277 3511 353 3570 larua
364 3512 524 3589 sepissime
538 3511 573 3569 ad
588 3512 793 3570 remotissimas
813 3513 910 3592 plagas
924 3511 1055 3593 manavit.
1098 3510 1146 3567 Sic
1162 3507 1280 3585 contigit

98 3606 132 3667 de
153 3609 298 3669 masculis
320 3610 352 3668 S.
374 3608 790 3677 FrancisciXaverii3eon1m
811 3612 887 3669 enim
909 3596 985 3669 sama
1002 3592 1066 3666 curm
1089 3608 1153 3665 vitae
1175 3617 1278 3665 sanetae

97 3704 233 3767 odoread
251 3707 398 3784 Europam
416 3708 607 3784 perveniente,
625 3693 713 3784 jessit
725 3707 919 3766 ioannes-III.
935 3704 1114 3782 Portugallie
1133 3722 1186 3763 rex
1201 3704 1278 3771 nicee

98 3818 163 3861 suas
175 3802 255 3897 apud
274 3802 361 3863 Indos
375 3803 502 3872 obeunti,
516 3813 548 3861 ut
563 3804 655 3881 jurata
670 3798 831 3863 testimonia·
843 3803 877 3861 de
891 3803 927 3861 iis
942 3802 1095 3878 exciperet,
1110 3800 1176 3859 inde
1190 3809 1279 3879 trans·
1310 3872 1314 3879 Ι

98 3899 242 3960 mittenda.
283 3900 406 3977 Βοςίιιω
427 3900 483 3960 hoe
496 3901 658 3960 mandatum
673 3902 746 3960 intra
759 3913 879 3975 quatuor
888 3906 986 3958 'annos
1001 3919 1018 3956 a
1031 3899 1120 3961 saneti
1135 3898 1279 3957 viri-'obitu

109 4130 121 4169 ,ο
128 4075 165 4147 (l)
182 4075 247 4127 virts
258 4074 345 4143 Paley,
356 4066 493 4126 Evidenees
503 4074 534 4127 of
544 4046 714 4143 Christianity,
725 4075 827 4143 prop'ii.
839 4079 877 4128 ch.
889 4079 911 4136 l,
923 4092 1012 4155 exque
1023 4014 1172 4142 objectioneis
1182 4075 1228 4125 lias
1239 4034 1280 4123 de·

101 4159 243 4210 nvanmus.
638 4205 642 4211 .
757 4158 760 4165 '
1072 4176 1075 4181 '

128 4241 165 4305 (2)
182 4240 275 4309 Pa'ley:
291 4211 354 4294 ‘itha
365 4260 423 4308 very
436 4245 490 4293 best
505 4245 608 4294 attested
619 4245 649 4294 of
659 4218 742 4294 vahich
753 4212 775 4294 is
786 4245 910 4295 exuacted
927 4215 989 4295 from
1006 4245 1047 4293 the
1065 4245 1211 4294 certificatos
1227 4241 1280 4290 that

100 4342 140 4376 are
159 4326 284 4377 exhibited
302 4327 393 4393 during
409 4328 451 4377 the
468 4343 566 4392 process
580 4328 611 4378 ef
628 4329 692 4378 their
711 4329 889 4395 canonization,
902 4344 922 4377 a
938 4328 1068 4399 ceremony
1082 4327 1167 4378 which
1188 4324 1280 4375 seldom

100 4411 168 4462 takes
179 4413 249 4478 place
259 4413 298 4462 till
305 4431 325 4464 a
335 4420 439 4478 century
450 4413 512 4463 aster
524 4413 587 4463 their
598 4414 708 4486 desine-’³
724 4453 727 4457 .
741 4413 888 4489 Evidances,
899 4415 965 4479 prop.
975 4414 1001 4464 ii.
1012 4415 1050 4464 ch.
1063 4413 1085 4462 l.
1095 4412 1109 4471 d
1121 4412 1142 4461 1.

130 4495 167 4558 (3)
185 4495 373 4553 VideMilner‘s
385 4495 440 4547 End
452 4495 482 4547 of
492 4496 666 4562 controversy,
677 4496 761 4551 letter
771 4495 834 4547 xxiv.
915 4522 923 4537 a

131 4579 167 4644 (4)
184 4580 231 4641 Ed.
244 4581 313 4631 1⁷52.
764 4571 770 4585 ⁸
851 4610 854 4617 ·

169 4725 176 4733 ‚
213 4665 289 4725 Voa.
304 4664 413 4726 1.-27·
