2738 5032
85 261 124 316 eo
510 242 567 321 ιιι·
588 257 850 323 enoeusrrrs.

123 415 212 494 Reep.
234 416 350 481 sutura
372 419 505 479 humanat
525 420 676 477 voluntatis
699 416 948 477 determinationes
973 415 1101 472 existunt
1123 413 1154 470 in
1178 421 1279 471 menta

82 510 188 580 divina,
213 513 323 571 infinita
346 515 435 581 enim,
451 516 635 578 intelligentia
661 514 758 573 omnia
784 513 996 588 complectitur:
1025 510 1156 582 quamvis
1173 509 1282 586 sigitur

88 609 157 666 nihil
169 610 235 677 sint,
249 610 313 669 Deo
327 621 420 670 tamen
435 622 501 668 sunt
512 631 557 669 res
570 612 679 670 luturae.
721 610 854 669 Proiecto
865 628 899 666 ea
910 622 975 681 quae
985 609 1068 684 juxta
1080 607 1158 683 leges
1168 616 1282 664 naturoe

87 716 221 763 eventura
234 718 310 774 sunt,
322 708 394 765 nihil
406 718 475 765 sunt
488 719 641 780 antequam
653 707 809 774 evenerint,
820 717 849 765 et
860 696 953 763 tamen
964 715 1041 762 certo
1053 705 1086 761 ab
1098 704 1282 762 Astronomis

88 801 221 879 eclipses,
234 804 345 877 aliaque
360 805 560 881 praedicuntur.

126 898 195 963 Non
210 898 281 957 adeo
295 909 361 958 sunt
374 901 456 959 multi
470 901 519 973 qui
533 901 665 959 vaticinia
685 899 744 958 dari
765 919 850 978 posse
869 909 983 976 negant,
999 898 1113 974 plurimi
1127 909 1224 955 autem
1237 897 1282 954 eis

86 993 145 1053 viru
162 995 297 1071 probandi
311 996 470 1055 detrahunt.
511 997 551 1058 lis
566 1008 659 1056 autem
672 997 732 1054 ιίιιι
749 997 901 1054 maximam
922 997 1040 1062 inesse,
1044 995 1082 1051 ita
1095 1004 1129 1051 ut
1146 994 1285 1051 inelucta-

87 1089 143 1147 bile
158 1085 301 1166 praebeant
314 1105 510 1170 argumentum
526 1094 660 1160 veritatis,
676 1092 860 1160 affirmamus,
872 1111 910 1149 cx
924 1092 1010 1149 totius
1024 1088 1210 1161 antiquitatis,
1221 1089 1283 1146 iuro

88 1186 205 1244 humani
219 1188 333 1264 generis
348 1207 446 1246 sensu.
744 1205 748 1210 ·

127 1282 176 1340 Ex
184 1284 337 1359 Augustini
347 1284 467 1359 judicio,
478 1284 624 1360 suntipsis
637 1283 779 1341 miraculis
791 1283 916 1359 potiora:
934 1291 993 1338 “ut
1001 1299 1078 1339 euim
1088 1299 1146 1338 non
1155 1287 1284 1337 contem·

88 1389 230 1455 nerentur,
242 1399 335 1453 neque
350 1382 478 1439 fabulosa
488 1381 657 1439 ducerentur
666 1398 730 1452 quae
741 1381 873 1457 Apostoli
883 1379 1094 1445 annuntiabant,
1106 1378 1285 1435 demonstra·

88 1477 168 1534 batur
177 1477 238 1534 haec
250 1497 267 1534 a
278 1477 424 1553 prophetis
436 1488 499 1536 ante
511 1478 599 1536 fuisse
612 1478 760 1555 praedicta:
774 1478 841 1551 quia
851 1478 905 1534 etsi
917 1477 1125 1535 adtestabantur
1136 1473 1284 1542 miracula,

90 1585 148 1631 nou
163 1566 330 1640 defuissent,
346 1573 434 1650 (sicut
444 1575 527 1648 etiam
542 1576 714 1633 nuncetiam
727 1574 842 1648 quidam
853 1574 1028 1650 mussitant)
1039 1572 1089 1643 qui
1104 1571 1231 1647 magicas
1234 1589 1286 1647 po·
1328 1583 1331 1586 ’

90 1670 185 1728 tentiae
195 1682 296 1745 cuncta
307 1671 354 1728 illa
366 1672 570 1756 tribuerent,'
543 1692 600 1730 nrsr
591 1673 675 1730 'talis
690 1692 789 1731 eorum
800 1671 932 1759 cogitatio
944 1670 1147 1743 contestatione
1160 1668 1286 1745 prophe·

91 1766 313 1825 tieavinceretur.
342 1768 464 1845 Magrcrs
474 1788 551 1827 enrm
560 1770 664 1826 artibus
673 1770 757 1845 longe
765 1778 916 1839 antequam
926 1776 1118 1834 nascerentur
1129 1765 1286 1854 prophetas

89 1865 145 1922 sibi
158 1866 328 1924 constituere
343 1887 360 1924 a
374 1868 476 1940 quibus
491 1867 754 1943 praenuntiarentur,
770 1884 855 1924 nemo
869 1867 966 1938 utique
980 1865 1112 1923 dlecret.¹
1191 1890 1196 1909 ι

129 1959 221 2039 Prop.
236 1966 265 2020 2.
288 1963 429 2022 Vaticinia
443 1973 550 2019 certum
566 1963 694 2037 praebent
707 1962 832 2019 veritatis
846 1971 1054 2038 argumentum.
1089 1981 1094 1985 ·

128 2056 220 2117 Prob.
242 2059 394 2129 Vaticirria,
408 2077 495 2130 quum
516 2060 574 2115 sint
593 2079 687 2116 rerurn
699 2059 864 2116 'suturarum
886 2059 1087 2135 praedictiones
1108 2068 1203 2126 certae,
1220 2077 1284 2131 quae

91 2157 169 2217 nulla
181 2166 287 2213 naturae
299 2156 327 2210 vi
342 2142 491 2230 praevideri
504 2167 630 2231 possent,
644 2156 835 2214 certissimum
847 2157 973 2213 numinis
985 2157 1133 2232 praesentis
1144 2157 1285 2216 iudicium

92 2265 120 2312 et
133 2262 330 2329 argumentum
345 2253 488 2328 praebent:
505 2253 580 2325 quod
596 2271 632 2310 ex
647 2254 712 2329 ipso
726 2254 871 2311 communi
886 2253 1035 2311 hominum
1050 2271 1137 2310 sensu
1152 2254 1255 2326 liquet.

135 2349 205 2432 Olrj.
226 2351 369 2408 Vaticinia
382 2370 398 2407 a
412 2350 590 2409 doemonibus
605 2352 652 2409 edi
666 2363 804 2428 possunt:
825 2371 892 2428 ergo
908 2370 964 2408 non
980 2350 1163 2427 suppeditant
1176 2362 1287 2417 certum

92 2455 300 2524 argumentum.
358 2445 362 2449 ’
611 2498 615 2504 ,

131 2542 221 2621 Resp.
244 2543 427 2619 Disceptatur
447 2543 562 2615 quidem
585 2554 677 2602 utrum
694 2545 825 2602 vaticinia
846 2566 865 2608 a,
886 2544 1018 2602 doenrone
1033 2544 1079 2602 edi
1094 2531 1237 2620 ¹possir'rt3
1259 2545 1290 2605 id

91 2651 185 2723 autern
202 2626 252 2716 pro
267 2649 413 2714 comperto
425 2639 584 2698 habendum
596 2652 639 2696 est
652 2640 771 2698 illustria
782 2640 936 2698 admodum
949 2640 985 2697 de
999 2641 1083 2697 rebus
1095 2641 1287 2719 postlongam

19 2784 24 2795 .
92 2734 262 2798 saeculorum
277 2737 390 2795 seriem·
401 2738 545 2794 eventuris
561 2739 692 2815 vaticinia
705 2736 798 2801 solum
820 2738 914 2796 Deum
930 2738 1033 2795 habere
1048 2748 1211 2807 auctorem3
1233 2759 1288 2797 nec

92 2826 217 2912 unquam
239 2836 333 2894 Deurn
349 2835 459 2893 veritati
479 2835 651 2904 defuturum,
667 2836 691 2893 si
706 2836 888 2911 praedictione
910 2835 1086 2893 doernoniaca
1107 2837 1288 2908 aliquatenus

92 2957 155 2995 eam
170 2938 304 2996 offuscari
325 2927 487 3013 contigerite
501 2955 555 2997 nee
574 2937 651 2994 enim
672 2937 782 2995 infinita
795 2938 858 3013 ejus
872 2934 1008 3012 perfectio
1029 2934 1107 3002 sinit,
1121 2944 1154 2991 ut
1172 2934 1289 2994 menda·

94 3034 171 3092 cium
184 3053 236 3090 sua
249 3032 413 3089 auctoritate
428 3033 569 3089 firmatum
584 3033 737 3090 videatur.¹
870 3102 873 3111 1

138 3128 206 3208 Otj.
210 3135 249 3186 2.
272 3130 345 3187 Ante
358 3139 490 3185 euentum
500 3131 706 3187 vaticiniasunt
717 3132 854 3197 obscura3
868 3131 1017 3187 eventibus
1028 3129 1153 3192 autemit
1154 3148 1289 3188 saccom-

95 3226 254 3293 modantur‚
269 3236 301 3282 ut
314 3226 375 3282 aliis
391 3234 509 3300 possent
522 3227 625 3301 aptari:
643 3210 722 3313 Ergo
737 3246 773 3283 ex
788 3228 823 3283 iis
838 3237 945 3283 certum
960 3226 1060 3340 nequit
1073 3225 1193 3282 derivari
1208 3234 1290 3303 argu·

93 3337 239 3385 mentum.

83 3451 88 3455 ·
133 3424 221 3502 Resp.
245 3423 274 3480 N
277 3443 313 3480 on
324 3442 420 3480 omma
428 3422 561 3480 vatrcrnra
573 3432 636 3479 ante
648 3430 780 3479 eventurn
793 3433 857 3478 sunt
871 3423 1001 3509 obscura,
1015 3421 1129 3494 quod'
1106 3441 1131 3478 sr
1146 3378 1288 3493 aliquibus

96 3539 130 3579 ea
143 3522 211 3578 insit
218 3521 391 3588 obscuritas,
403 3540 461 3584 non
477 3520 578 3578 ideo'
554 3539 581 3575 vr
594 3519 759 3576 carebunt
737 3537 760 3574 ιι
775 3518 949 3576 illustrentur
960 3504 1062 3576 euentu
1078 3537 1142 3574 cum
1158 3536 1216 3589 quo
1230 3532 1289 3576 non

96 3617 256 3693 potuissent
269 3637 334 3674 casu
350 3617 532 3675 concordare.
573 3615 621 3673 Ex
642 3615 677 3672 iis
690 3635 753 3688 quae
768 3614 970 3673 dubitationem
991 3614 1151 3680 admittunt,
1167 3633 1289 3687 quaeque

96 3711 158 3769 aliis
173 3713 323 3795 eventibus
336 3713 418 3771 facile
439 3721 557 3790 possent
571 3712 668 3788 aptari,
685 3723 791 3769 certum
814 3711 928 3788 quidem
944 3711 1069 3768 veritatis
1090 3722 1288 3788 argumentum

96 3828 152 3866 non
166 3809 341 3867 desumitur:
352 3811 514 3887 contingere
526 3819 619 3867 autem
631 3818 734 3884 potest,
748 3819 776 3865 et
790 3827 888 3885 reapse
900 3802 1019 3884 contigit
1028 3802 1143 3883 saepius,
1156 3796 1307 3871 vatibinia·

96 3907 134 3962 ita
148 3907 274 3982 impleta,
289 3917 320 3963 ut
333 3905 368 3963 de
383 3925 480 3963 eornm
496 3926 562 3964 vera
576 3905 782 3982 significatione
797 3906 892 3963 nullus
907 3890 943 3963 sit
957 3903 1102 3962 dubitandi
1116 3905 1207 3962 locus

120 4001 205 4082 etp:
220 4008 250 4060 3.
272 4003 313 4061 Ut
333 4003 472 4060 vaticiniis
494 4004 537 4059 vis
559 4005 596 4060 sit
617 4001 763 4077 probandi,
786 4001 821 4059 de
842 4003 877 4058 iis
901 4001 984 4060 editis
1007 4000 1090 4059 debet
1113 4012 1243 4059 constare
1257 4013 1287 4060 et

95 4110 227 4161 eventum
249 4099 285 4156 iis
306 4098 506 4174 respondisse:
530 4117 623 4171 neque
645 4097 771 4172 potuisse
794 4098 900 4155 viribus
922 4111 1027 4155 naturae
1054 4098 1198 4173 proesciri;
1222 4099 1286 4157 haec

54 4211 57 4214 ’
95 4208 187 4255 autem
204 4205 350 4268 nequeunt
364 4185 447 4270 plene
463 4207 601 4254 constare.
644 4193 687 4250 lta
708 4194 882 4252 Rousseau.³

128 4372 165 4433 (1)
183 4336 604 4434 AugoontraFaustumlxii,45.
637 4366 763 4416 itaetram
776 4339 1038 4421 Abbadievisumest·
1054 4368 1291 4420 adtemtaverit&

83 4451 125 4502 ¹de
136 4452 160 4502 ln
171 4451 285 4516 Religion
297 4447 454 4508 Chretrenne
465 4451 517 4509 ti,
529 4449 620 4498 Sect.''
598 4449 647 4508 ιιι,
657 4464 680 4498 c.
692 4448 723 4497 iv.
914 4495 918 4499 .
1076 4484 1080 4498 .
1276 4474 1280 4479 ·

127 4535 163 4597 (2)
181 4534 244 4583 Vide
257 4532 420 4581 Dissertation
432 4548 474 4581 sur
484 4533 518 4581 les
528 4532 667 4596 prophetias
678 4547 722 4596 par
734 4531 756 4579 le
767 4532 885 4583 cardinal
899 4535 936 4584 De
947 4537 972 4584 lo
985 4535 1104 4593 Luzcrne,
1116 4535 1154 4593 clr.
1173 4536 1183 4584 l
1188 4536 1273 4595 ‚.d23

128 4618 165 4680 (3)
183 4616 342 4676 Emile‚l.1v.
