2738 5032
84 270 146 327 28⁰
336 260 392 327 DE
414 260 771 324 APOSTOLIOITATE
792 259 1022 322 ECOLESIAE.

84 434 139 485 est.
162 420 269 483 Omnia
280 441 368 498 quum
379 441 520 483 armorum
529 423 724 501 vistreperent
736 422 847 482 seculis
857 421 969 488 mediis,
978 430 1009 479 et
1018 419 1085 479 vitia
1096 417 1201 491 ubique
1213 415 1272 475 isra

82 531 285 601 mouentur,
300 521 415 595 quidam
429 518 591 580 Romanum
604 521 758 580 ambientes
772 519 885 578 culmen
900 517 1065 595 popularem
1086 515 1203 594 gratiam
1218 512 1268 571 sli-

84 617 199 693 quando
215 636 283 676 auro
297 615 427 675 dicuntur
440 634 631 693 comparasse,
646 617 691 674 vel
711 616 809 674 sedem
822 615 962 673 invasisse
977 613 1113 691 potentia,
1128 610 1268 686 deinceps

84 717 161 775 vitiis
175 714 371 775 dedecorasse.
406 714 549 773 Ceterum
560 733 618 773 non
631 715 727 773 omnia
741 724 846 773 temere
859 704 998 772 credenda
1011 719 1087 779 sunt,
1102 710 1132 768 iu
1143 727 1178 768 ea
1191 706 1269 766 cuin

84 824 245 891 tempomm
259 812 418 871 calamitate
428 812 525 871 omnia
537 812 681 870 scatebant
699 812 859 880 calumniis,
873 829 944 885 quas
966 808 1101 887 plurimae
1115 818 1299 895 congcssst'ft
1319 880 1322 885 Ι

84 920 152 969 runt
175 907 377 986 Luitpraudua‚
400 907 504 981 aliique
528 908 690 985 scriptores,
709 908 730 966 ii
751 907 906 986 presertim
925 906 975 979 qui
993 902 1218 981 Imperatorihus
1241 890 1277 983 'l

86 1007 401 1068 Pseudo-Pontificibus
415 1006 590 1065 studebant-¹
624 1005 769 1080 Quidquid
780 1006 827 1075 sit,
839 1004 985 1063 successio
998 1010 1110 1061 servata
1120 1009 1175 1069 est,
1184 999 1274 1078 Epis·
1302 994 1305 999 ⁴

51 1098 57 1107 ¹
86 1123 161 1183 copo
174 1104 315 1172 Romano,
330 1105 364 1162 ab
376 1102 507 1162 Ecclesia
516 1101 621 1179 agnito,
634 1101 711 1161 Petri
727 1111 882 1180 occupante
895 1100 1011 1160 sedem:
1027 1118 1080 1158 uec
1093 1098 1173 1157 enim
1183 1096 1275 1155 senes
1313 1104 1319 1121 '

87 1188 193 1282 pendet
214 1221 252 1265 ex
271 1203 426 1262 electorum
447 1201 558 1261 merito.
599 1201 771 1278 Apostolicae
799 1200 944 1279 potestatis
966 1197 1096 1260 haeredes
1116 1196 1183 1256 facti
1196 1204 1277 1266 sunt,
1321 1224 1326 1249 .-

91 1300 231 1360 eloctione
245 1300 367 1369 valeute,
381 1300 436 1357 etsi
449 1298 556 1366 illicita,
571 1297 617 1357 vel
630 1298 700 1356 vitio
713 1298 776 1375 ejus
796 1316 833 1356 ex
847 1315 988 1357 consensu
1002 1295 1152 1355 Ecclesiae
1164 1302 1279 1353 sanam.-

90 1396 186 1473 8uper
205 1394 377 1454 cathedram
392 1394 472 1453 Petri
484 1392 626 1457 sederunt,
642 1393 763 1468 ideoque
784 1394 862 1454 Petri
876 1395 972 1463 instar,
986 1393 1016 1451 in
1030 1391 1181 1451 Ecclesiae
1201 1390 1279 1474 regi·

87 1494 176 1562 mine,
198 1503 277 1551 erant
291 1490 433 1550 audiendi.
477 1491 546 1549 Jurs
560 1492 669 1569 optimo
683 1493 861 1570 Augustinus
882 1493 951 1551 olim
972 1487 1186 1549 animadvertit:
1209 1496 1231 1524 ‘⁶
1243 1487 1280 1547 ln

88 1590 170 1648 illum
190 1600 284 1648 autem
303 1588 432 1649 ordinem
452 1588 662 1666 episcoporum,
677 1589 727 1663 qni
747 1589 857 1649 ducitur
876 1591 912 1649 ab
931 1589 995 1667 ipso
1016 1588 1103 1648 Petro
1122 1604 1216 1660 usqua
1238 1583 1277 1643 sd

87 1688 280 1756 homusion,
293 1688 342 1761 qui
356 1706 434 1747 nunc
446 1687 566 1747 eandem
580 1687 741 1746 cathedram
755 1687 844 1757 sedet,
856 1688 940 1746 etiarn
955 1688 981 1744 si
994 1686 1146 1760 quisquam
1161 1683 1282 1743 traditos·

13 1854 22 1865 1
87 1803 140 1863 per
153 1784 202 1842 illa
215 1794 342 1862 tempora
355 1786 555 1862 subrepsisset,
570 1785 641 1845 nihil
662 1785 857 1862 praejudicaret
877 1784 1017 1845 Ecclesia
1031 1791 1061 1840 et
1077 1781 1279 1842 innocentibus

89 1881 283 1940 Christianis:
304 1883 407 1956 quibus
429 1881 571 1969 Dominus
593 1881 755 1959 providens,
770 1883 808 1940 ait
827 1882 862 1941 de
878 1883 1042 1959 prepositis
1061 1880 1167 1939 malis:
1189 1886 1277 1953 ‘qnae

88 1977 195 2048 dicunt,
210 1979 313 2039 facite:
336 1998 399 2053 qua
413 1990 506 2038 autern
520 1979 636 2048 faciunt,
647 1979 752 2057 lsacere
766 1979 872 2039 nolite:
894 1979 993 2038 dicunt
1005 1978 1082 2037 enim
1095 1986 1125 2036 et
1137 1996 1197 2037 nou
1209 1976 1283 2036 faci·

92 2078 165 2138 uut'
206 2078 248 2137 Ut
261 2089 336 2137 certa
348 2079 386 2136 sit
398 2096 466 2154 spes
480 2077 584 2145 fidelis,
599 2096 662 2152 que
677 2097 734 2137 nou
748 2079 779 2137 iu
799 2078 915 2137 homine
929 2076 980 2136 sed
996 2079 1027 2136 in
1046 2076 1174 2136 Domino
1191 2075 1284 2136 collo·

93 2187 165 2245 cata,
189 2195 344 2250 numquam
366 2185 532 2254 tempestate
556 2177 689 2254 sacrilegi
714 2160 875 2235 schismatis
898 2173 1097 2253 dissipetur.”¹
1135 2172 1283 2253 quetiam

92 2276 162 2334 alias
177 2276 309 2353 preclare
323 2275 458 2353 exponit:
481 2285 501 2313 ‘⁶
512 2276 599 2350 quod,
609 2275 842 2354 (dissensionum
853 2293 905 2334 seu
916 2262 1120 2343 schismatum,
1127 2272 1292 2333 oeconom-

85 2390 252 2451 pravorum
262 2373 469 2452 templorum,
477 2373 658 2452 periculum)
667 2393 757 2448 usque
768 2374 839 2433 adeo
848 2374 968 2432 celestis
976 2373 1112 2451 magister
1118 2371 1282 2432 carendum

90 2471 268 2547 premonuit,
285 2480 316 2527 ut
328 2471 412 2529 etiam
426 2470 462 2528 de
476 2472 636 2548 prepositis
650 2472 732 2530 malis
747 2472 859 2549 plebem
873 2490 1001 2530 secumm
1015 2470 1129 2539 faceret,
1141 2488 1178 2528 uc
1189 2488 1282 2547 prop-

90 2576 133 2625 ter
154 2565 219 2624 illos
239 2564 372 2624 doctrine
394 2567 522 2627 salutmis
545 2567 677 2626 cathedra
694 2567 879 2636 desereretur,
902 2568 932 2626 iu
953 2586 1009 2642 qua
1031 2576 1167 2646 coguntur
1186 2567 1285 2635 etiam'

94 2662 162 2724 mah
175 2662 250 2721 bona
264 2662 367 2721 dicere.
393 2664 496 2738 Neque
510 2664 586 2722 enim
601 2674 727 2723 suasuut
737 2664 921 2739 quoe'dicnut‚
931 2664 982 2723 sed
996 2664 1063 2732 Dei,
1074 2663 1122 2738 qui
1133 2662 1163 2721 iu
1174 2661 1282 2721 cathe-

92 2759 143 2820 dra
155 2759 269 2818 nnitatis
284 2757 438 2819 doctrinam
450 2761 546 2837 posuit
559 2760 730 2819 veritatis.’'⁸
769 2754 941 2821 Benedictus
962 2760 1016 2820 IX.
1034 2759 1131 2838 junior
1141 2756 1275 2832 quidem,

92 2857 146 2917 sed
165 2856 334 2916 decennium
355 2852 402 2916 'rel
421 2857 615 2917 duodennium
634 2859 720 2936 longe
740 2870 968 2938 pretergressus,
989 2858 1020 2916 in
1040 2856 1139 2916 sedem
1158 2855 1282 2915 Pontifi·
1310 2928 1313 2933 ι

94 2956 178 3022 ciam,
201 2955 300 3030 patris,
322 2956 444 3023 comitis,
465 2955 583 3023 scilicet,
606 2956 776 3025 Tusculani,
799 2956 925 3034 pote'ntia
948 2947 993 3013 est
1013 2954 1158 3013 intrusus:
1174 2972 1244 3028 quo
1266 2973 1286 3013 a

94 3052 233 3111 Romanis
247 3051 369 3128 expulso
382 3071 420 3111 ex
441 3055 518 3122 urbe,
533 3055 660 3117 Joanues
674 3054 756 3124 XX„
770 3056 812 3113 uti
826 3055 979 3123 dicebatur,
993 3051 1091 3114 sedem
1109 3052 1231 3112 invasit:
1252 3061 1285 3111 et

94 3148 230 3226 deinceps
246 3147 402 3226 Gregorius
417 3150 481 3217 VI„
501 3169 538 3208 ex
559 3164 641 3227 pacto
661 3153 808 3226 utriusque
828 3154 884 3211 sibi
901 3155 966 3230 jura
980 3154 1144 3228 competere
1158 3149 1281 3210 dicebat.

95 3245 198 3305 Trium
206 3244 317 3312 horum,
325 3245 375 3318 qui
383 3245 561 3304 Pontificiam
569 3248 824 3307 auctoritatem-ibi
834 3249 1020 3329 vindicabant,
1028 3246 1093 3305 lites
1100 3247 1285 3321 quieveruntr

96 3344 246 3405 Clemente
256 3342 307 3409 ΙΙ.,
318 3343 348 3400 in
360 3340 492 3401 Concilio
503 3342 644 3403 Sutriensi
653 3345 753 3413 electo,
763 3355 791 3403 et
804 3346 838 3404 ab
850 3345 982 3404 Ecclesia
993 3355 1135 3419 tamquam
1150 3334 1284 3421 legitimo

96 3442 237 3503 Pontifice
257 3450 388 3517 excepto.
430 3439 536 3498 Totum
557 3441 626 3501 illud
641 3443 776 3520 temporis
791 3443 924 3521 spatium,
940 3441 1017 3516 quod
1030 3462 1047 3499 a
1061 3440 1211 3501 Benedicti
1225 3440 1282 3500 lx.

95 3534 251 3600 intmsioue
275 3557 366 3613 usque
386 3537 421 3595 ad
445 3535 602 3597 Clementis
623 3541 661 3599 11.
683 3541 851 3600 electionem
871 3538 1282 3613 intercessit‚.quatuordecim
1307 3616 1312 3623 .

97 3656 234 3697 annorum
246 3636 317 3695 fuit:
339 3635 416 3711 quod
430 3646 537 3695 tantm
550 3638 728 3699 intervallum
741 3659 798 3699 uon
812 3648 865 3708 est,
876 3639 963 3723 multo
977 3621 1077 3699 miuus
1087 3638 1202 3697 triennii
1217 3657 1285 3716 sps·

96 3734 167 3792 tium
188 3732 265 3806 quod
278 3734 417 3810 objicitur,
438 3742 470 3792 ut
489 3737 699 3796 successionem
720 3737 832 3813 penitus
855 3737 974 3805 tolleret,
989 3736 1105 3795 moralis
1119 3736 1231 3813 quippe
1251 3734 1287 3795 in'

96 3829 191 3906 regnis
205 3838 233 3887 et
242 3830 369 3906 imperiis
383 3829 500 3889 habetur
513 3834 693 3901 continuatio,
708 3834 793 3891 etiam
807 3834 969 3911 interregno
982 3833 1187 3892 interveniente
1201 3842 1284 3892 uota·
1299 3822 1311 3839 ⁸

97 3927 157 3996 bili,
172 3926 217 3984 vel
237 3927 320 3984 rebus
340 3946 391 4004 per
410 3937 522 4004 ternpus
543 3929 683 4003 quodda'm
705 3932 829 3990 turbatis.
872 3931 991 3998 Quoties
1006 3941 1096 3990 morto
1109 3930 1284 3998 -Pontificis,

97 4024 144 4083 vel
156 4024 212 4082 alio
221 4034 334 4092 eventu,
343 4026 488 4101 potestatis
504 4026 660 4086 Pontificiae
674 4029 840 4088 exercitium
854 4028 1046 4108 suspenditur,
1055 4046 1114 4088 uon
1127 4027 1194 4088 ideo
1204 4029 1285 4106 perit

98 4121 239 4189 Ecclesia,
251 4120 326 4196 apud
340 4141 423 4194 qnam
438 4137 534 4182 manet
544 4128 703 4186 necessario
718 4127 746 4185 vi
760 4147 818 4186 suae
834 4127 1044 4187 constitutionis
1058 4127 1152 4187 omnis
1166 4127 1217 4186 illa
1232 4146 1288 4205 po·

98 4229 184 4281 testas
203 4236 265 4294 quae
279 4216 314 4299 ad
328 4219 372 4277 sui
392 4222 635 4293 conservationem
648 4225 808 4283 necessaria
827 4217 890 4284 est,
922 4225 1066 4284 Ceterum
1086 4223 1282 4285 Benedictum

324 4427 360 4487 (1)
377 4426 439 4475 Vide
449 4424 479 4474 ds
489 4420 585 4472 Joanne
597 4418 642 4470 xl.
652 4418 782 4473 Moratori·
814 4417 906 4474 Annei.
916 4418 948 4473 ad
958 4433 998 4469 au.
1009 4416 1062 4481 9³1.
1115 4486 1118 4491 Ι

325 4502 636 4572 mmmmm-

325 4580 362 4644 (ι)
380 4579 426 4646 up.
437 4579 569 4632 roseum.
581 4581 633 4631 rso.
