2738 5032
89 270 150 331 Μ
318 269 376 331 DE
396 266 726 332 SCRIPTURthUM
746 270 1053 334 trtsrrntrlortss.

92 427 249 517 Scriptura
269 430 396 507 periculo
409 429 562 489 discrimen
583 430 698 504 aliquod
723 440 898 490 statueretur.
939 431 1034 499 Quum
1059 428 1145 506 igtrm
1169 420 1282 485 Paulus

93 524 191 585 divino
204 527 327 602 impulsu
343 527 378 585 ad
392 527 577 586 Timotheum
591 529 734 596 scriberet,
749 529 872 586 calestia
885 528 993 588 monita
1004 527 1033 585 ei
1046 528 1187 603 prebens,
1199 522 1283 597 quid·

93 624 221 697 quidex
234 626 489 693 occasionereluti,
503 626 538 683 iis
553 625 664 703 adjecit,
674 627 728 684 etsi
742 645 793 704 per
802 646 834 684 se
845 627 908 685 leve
922 624 1071 693 videretur,
1083 623 1280 683 auctoritatem

93 721 285 781 inviolabilem
299 725 460 783 necessario
480 724 617 783 obtinuit:
640 744 693 783 nec
707 725 784 783 eninr
805 725 861 782 nisi
876 724 978 783 eodem
999 724 1106 801 Spiritu
1122 720 1237 779 afflante
1251 718 1282 776 in

91 818 156 896 ipsa
169 820 290 896 epistole
301 822 366 899 ejus
378 821 446 881 t'ecit
465 821 650 880 mentionem.
691 822 762 888 Qua
783 822 867 880 luerit
880 822 984 898 penula
998 822 1092 895 quam'
1105 815 1279 877 afferendam

87 916 177 995 jussit
187 918 293 977 Paulus
307 937 365 977 nou
379 930 498 986 constat,
513 918 563 976 sed
579 919 760 995 thecamque
773 921 988 979 continebantur
999 919 1072 1001 ⁴libri
1085 917 1170 985 sacri,
1184 915 1277 992 desig·

91 1014 152 1073 nari
162 1013 359 1093 Hieronymus
367 1017 460 1084 olim,¹
468 1018 606 1077 recentius
617 1016 845 1081 Rosenmueller'
852 1019 972 1082 censuit.
979 1016 1151 1093 suffragante
1158 1010 1293 1101 Syriaca·

89 1112 230 1173 versione.
272 1115 356 1177 Nibil
370 1124 464 1173 autem
479 1115 509 1175 iu
523 1114 688 1191 hujusmodi
698 1115 830 1192 jussione
845 1114 910 1175 Deo
923 1114 1091 1193 indiguumr
1113 1131 1168 1173 nec
1180 1122 1273 1170 tamen

90 1210 265 1271 revelatione
276 1213 322 1271 rel
335 1211 453 1289 speciab
474 1211 660 1287 inspiratione
674 1230 748 1289 opus
760 1221 831 1279 crat,
845 1212 975 1286 quamvis
988 1230 1048 1270 non
1061 1212 1170 1285 absque
1182 1208 1274 1281 aliquo

90 1307 217 1385 Spiritus
231 1310 328 1368 Sancti
342 1309 467 1385 impulsu
482 1307 547 1367 data
560 1310 606 1367 ιιι.

134 1404 202 1485 obj.
216 1410 246 1465 8.
267 1406 380 1483 Sepias
394 1404 577 1465 dubitationis
586 1406 704 1464 vocibus
718 1416 836 1463 utuntur
848 1406 1008 1482 Scriptores
1020 1400 1120 1461 Sacri:
1145 1397 1272 1475 “quad’'

90 1513 112 1541 ‘⁶
124 1503 204 1562 lere”
221 1513 241 1541 ⁶⁴
251 1502 393 1571 circiter,”
412 1522 474 1576 que
488 1503 686 1591 certitpdinem
700 1504 892 1580 inspirationis
906 1502 1070 1561 excludunt.

127 1602 217 1681 Rrrp.
239 1602 334 1661 Voces
357 1602 412 1661 ille
426 1602 462 1660 ad
483 1613 650 1661 consuetum
673 1602 805 1677 namudi
827 1602 933 1678 stylum
948 1599 1101 1660 reserenda
1124 1608 1203 1666 sunt,
1222 1608 1273 1655 nec

87 1703 171 1767 enirn
180 1721 294 1779 semper
307 1712 468 1761 accuratum
483 1721 633 1761 numemm
647 1700 766 1761 definire
785 1720 859 1779 opus
873 1710 927 1759 est.
969 1700 1114 1759 Ceterum
1128 1717 1166 1758 ex
1186 1715 1273 1757 narra·

90 1801 168 1860 tione
179 1802 249 1861 ιιιι
259 1810 335 1877 patet
349 1811 475 1860 conant:
498 1819 565 1877 ergo
580 1801 660 1858 nosci
672 1809 701 1857 et
712 1799 820 1857 referri.

132 1895 198 1976 ooj.
214 1899 244 1956 9.
266 1897 329 1956 De
321 1898 506 1974 inspiratione
520 1915 579 1954 non
592 1904 687 1972 potest
699 1905 839 1962 constare,
854 1896 911 1953 nisr
902 1895 961 1953 de
975 1862 1150 1961 auctoribus,
1159 1893 1215 1967 qui
1234 1890 1272 1950 iu·

85 1992 186 2069 spirari
197 1996 356 2058 creduntur,
366 1999 490 2048 conset.
506 1999 628 2046 attamen
639 1987 674 2046 de
686 1987 886 2065 plerorumque
897 1988 1033 2047 librorum
1043 1986 1208 2045 auctoribus
1216 2003 1270 2043 uon

87 2099 215 2148 consmtr
237 2108 305 2165 ergo
318 2105 412 2160 neque
426 2085 483 2144 de
475 2087 670 2163 inspiratione.

125 2186 214 2265 Rcrp.
237 2186 279 2244 Ut
291 2184 328 2242 de
339 2184 522 2261 inspiratione
536 2184 600 2242 libri
613 2193 734 2251 constet,
749 2183 870 2241 auctoris
884 2172 1047 2241 testimonio
1058 2199 1134 2258 opus
1148 2199 1206 2239 nou
1220 2190 1270 2248 est,

87 2283 141 2343 sed
154 2303 191 2342 ex
215 2284 379 2341 auctoritate
401 2280 515 2359 publica
534 2281 669 2339 divinitus
689 2292 801 2349 ιιιιιιιι,
813 2281 863 2338 «vel
882 2299 919 2338 ex
943 2281 1015 2338 vatis
1037 2279 1217 2347 testimonio,¹
1226 2276 1281 2336 cui'.

83 2382 148 2441 libri
163 2382 309 2459 inspiratio
323 2390 417 2457 potest
427 2381 535 2438 caelitus
548 2381 734 2447 innotescere,
746 2380 793 2437 vel
805 2379 906 2436 alioex
917 2378 1008 2454 capite
1019 2386 1150 2436 constare
1164 2384 1267 2454 potest.

87 2479 137 2536 Sic
150 2478 214 2535 libri
228 2477 269 2534 illi
290 2477 418 2534 historici
433 2477 482 2547 qui
503 2476 616 2550 publica
636 2477 800 2534 auctoritate
813 2476 1017 2542 scribebantur,
1032 2485 1180 2547 tamquam
1194 2473 1271 2551 regni

84 2575 210 2642 annales,
225 2582 353 2650 poterant
366 2573 433 2630 satis
455 2571 647 2630 commendari
668 2571 735 2630 fidei
749 2573 852 2649 gentis,
869 2570 1033 2631 testimonio
1053 2571 1137 2630 Vatis
1152 2558 1273 2643 fflusmr

85 2673 134 2733 cui
148 2672 345 2750 probabantur.
379 2670 495 2730 Poterat
507 2678 585 2727 vates
599 2669 702 2735 librum
713 2669 879 2747 hujusmodi
888 2670 1021 2737 scribere,
1032 2658 1161 2742 eumque
1172 2678 1264 2746 utpote

87 2787 182 2828 rerum
197 2768 395 2835 cambonem,
410 2766 488 2824 nullo
500 2765 618 2843 praefixo
633 2765 759 2834 nomine,
775 2765 939 2842 inpublicis
954 2764 1087 2823 archiviis
1101 2758 1269 2838 relinquere.

87 2869 138 2927 Sic
151 2867 187 2925 de
201 2867 350 2924 veracitate
363 2875 393 2924 et
406 2865 442 2923 de
456 2848 651 2942 inspiratione,
666 2865 726 2922 imo
735 2873 768 2922 et
781 2863 816 2921 de
831 2873 954 2931 auctore,
963 2872 1092 2923 constare
1103 2865 1207 2940 potuit,
1221 2863 1271 2923 etsi

85 2964 163 3024 nulla
184 2963 308 3020 adhibita
331 2963 369 3019 ιιι
390 2972 510 3019 curant
531 2961 656 3019 auctoris
675 2980 780 3019 nornen
799 2961 1042 3027 transmitteretur,
1066 2978 1158 3033 quarn
1174 2976 1270 3018 rerum

84 3060 240 3125 ueritatem,
266 3068 294 3114 et
320 3058 535 3165 inspirationem
561 3057 625 3115 libri
654 3057 767 3134 publica
793 3057 865 3115 tides
892 3056 1027 3134 deinceps
1049 3057 1119 3114 satis
1142 3054 1269 3161 ιιιιιιιιιι

87 3156 232 3219 taoerst.
1305 3136 1308 3141 ⁸

128 3252 256 3332 Obj.10.
278 3232 401 3309 Temere
428 3250 493 3308 Deo
515 3210 673 3308 tribuuntur
694 3268 757 3322 quas
781 3250 899 3310 nnllam
903 3250 1135 3329 specialemque
1156 3244 1283 3330 operam'

84 3353 279 3430 postulabant·
302 3349 470 3408 familiarum
485 3348 668 3425 genealogia,
682 3349 810 3409 locorum
824 3348 1052 3426 descriptiones,
1062 3368 1159 3409 rerum
1180 3360 1269 3432 gesm-

84 3469 157 3517 mm,
172 3447 456 3524 quarumscriptores
470 3456 556 3503 testes
577 3445 704 3513 fueraut,
719 3440 902 3514 narrationes,
917 3446 1028 3519 aliaque
1049 3428 1186 3522 pleraque
1206 3464 1268 3520 que

86 3547 238 3623 Scripturis
252 3544 440 3604 continentur.
483 3543 551 3609 Sola
562 3542 689 3602 doctrina
703 3541 802 3603 Deum>
813 3535 1021 3620 potestbabere
1036 3553 1193 3602 auctorem.

115 3643 215 3722 ‚Rcrp
237 3645 285 3703 Ex
312 3643 461 3702 traditione
486 3641 639 3699 didicimus
666 3641 753 3699 libros
781 3641 933 3718 Scriptura
960 3643 1085 3719 integros
1113 3623 1193 3703 esse
1208 3642 1270 3701 Deo

85 3739 198 3799 afflante
218 3742 404 3817 conscriptos,
419 3738 667 3816 quapropteripsa
680 3756 743 3809 qua
755 3738 937 3814 scriptoribus
958 3738 1122 3797 humanitus
1142 3728 1271 3799 innotus-¹
1311 3793 1313 3799 Α

85 3847 160 3903 runt,
174 3836 309 3895 divinitus
330 3838 417 3896 inisse
438 3837 598 3912 conscripta
616 3834 767 3899 credimus,
774 3832 862 3907 quod
877 3835 957 3892 fidei
964 3845 1068 3905 nostrae
1089 3837 1215 3894 maxime
1229 3843 1270 3893 ert

86 3937 265 4043 proficuum3
281 3956 346 3994 nam
360 3948 389 3993 et
402 3935 527 3992 doctrina
542 3953 607 3991 curn
628 3933 744 3991 historia
757 3952 837 3991 sacra
850 3934 950 3993 intimo
964 3940 1040 4022 nexu
1054 3935 1208 4011 conjuncta
1220 3942 1270 4001 est,
1284 3975 1287 3981 Δ

85 4035 156 4093 adeo
170 4045 201 4090 ut
212 4032 238 4088 si
249 4051 325 4090 error
336 4053 394 4091 rem
407 4030 559 4091 reserenti'
552 4020 674 4107 irrepere
686 4040 792 4106 posset,
802 4030 929 4089 doctrina
939 4015 1044 4107 saepius
1057 4032 1269 4117 periclitaretur.

85 4131 174 4209 Igitur
194 4128 376 4206 genealogia,
391 4141 546 4200 ceteraque
567 4127 663 4185 omnia
677 4124 711 4183 ad
733 4137 821 4184 totum
842 4126 988 4185 referenda
1001 4140 1076 4196 sunt,
1087 4137 1121 4186 et
1137 4128 1267 4189 divinum

84 4227 234 4287 consilium
255 4243 312 4301 pre
327 4226 416 4282 oculis
431 4224 602 4292 habendum,
624 4242 730 4281 nexum
755 4223 844 4281 veluti
864 4223 1026 4299 exhibendi,
1053 4243 1110 4301 qun
1132 4245 1231 4284 omnia
1250 4246 1267 4283 a

84 4326 197 4388 condito
206 4325 271 4387 orbe
287 4321 326 4397 ad.
335 4323 433 4380 mundi
445 4341 534 4397 usque
549 4306 636 4381 finem
646 4323 676 4380 iu
690 4322 747 4381 Dei
760 4321 888 4400 gloriam,
901 4335 930 4379 et
942 4323 1039 4381 salutis
1051 4341 1102 4400 per
1116 4324 1267 4385 Christum

424 4547 427 4551 Δ
477 4513 810 4583 (l)Quart2.adDamen

475 4599 511 4660 (Ξ)
535 4599 651 4650 nlocurn.
743 4610 746 4617 '
