2738 5032
83 256 139 313 tot
439 255 495 333 ΠΕ
514 252 731 315 EGOLESIAE
753 252 950 315 UNITATE.

83 413 292 471 communionis
310 414 374 491 jure
394 413 571 490 privandum,¹
583 423 681 491 utpote
703 414 871 490 pertinacem
894 425 923 472 ct
942 414 1081 491 perditum
1103 412 1265 472 hominem.

82 504 148 564 dam
160 506 225 565 verd
237 508 262 566 si
273 508 307 567 de
318 510 465 586 praecipuis
477 520 584 568 tanturn
595 510 771 586 dogmatibus
783 512 941 587 exigeretur
952 510 1078 568 omnium
1090 526 1264 575 consensus,
1285 516 1296 573 “,

83 602 147 660 loco
165 607 363 664 sententiarum
378 606 496 667 divortio
510 607 544 664 de
565 609 654 665 robus>
668 607 729 664 aliis
744 608 850 674 relicto,
862 627 918 665 non
933 608 1004 664 soret
1016 607 1073 663 ulla
1089 605 1160 662 ratio
1174 622 1261 678 quaro

83 717 135 755 sna
149 701 248 775 placita
261 713 410 761 sectantem
426 704 559 780 praesules
574 700 700 770 vitiant,
716 703 761 761 rel
775 704 927 779 Apostolus
941 702 1150 760 condemnaret

123 796 171 854 nd.
192 797 342 856 Probatur
354 799 452 858 codem
465 798 574 859 veritas
588 817 623 856 er
633 799 824 876 scriptoribus
835 796 1044 861 vetustissimis
1055 798 1105 870 qui
1119 796 1259 854 Ecclesiae

82 894 217 955 utrem
229 906 258 952 et
267 914 406 956 summam
419 897 485 954 fidei
500 896 677 954 concordiam
692 899 721 955 in
732 898 863 955 omnibus
875 897 1052 973 dogmatibus
1063 893 1259 970 predicamnt.

84 986 208 1047 lrcnarus
218 992 344 1050 scribens
355 990 487 1050 adversus
502 993 624 1050 haereses
639 995 691 1050 ait:
734 1002 753 1029 ‘⁶
765 993 848 1065 Hanc
862 992 1088 1069 pradicationem
1103 1008 1168 1046 cum
1184 1007 1261 1047 accc·

84 1084 166 1160 perit,
179 1100 209 1142 et
227 1086 299 1145 hanc
318 1087 413 1155 fidem,
435 1087 671 1160 quemadmodum
691 1088 882 1164 praediximus,
903 1087 1042 1153 Ecclesia,
1058 1096 1086 1142 et
1100 1084 1218 1158 quidem
1231 1085 1259 1142 in

83 1183 247 1242 universum
269 1185 404 1243 mundum
427 1185 616 1253 disseminata,
638 1185 785 1262 diligenter
805 1185 935 1253 custodit,
951 1185 1030 1257 quasi
1044 1202 1128 1241 unam
1144 1182 1260 1240 domum

83 1277 251 1348 inhabitans,
265 1291 294 1338 et
306 1281 435 1339 similiter
454 1281 542 1339 credit
555 1282 599 1350 iis,
615 1281 745 1339 videlicet
764 1283 844 1354 quasi
864 1298 948 1340 unam
968 1281 1090 1338 animam
1111 1278 1220 1335 habens
1233 1287 1261 1335 et

83 1392 171 1433 unum
183 1395 242 1444 cor,
257 1386 285 1433 et
306 1387 491 1435 consonanter
512 1377 574 1435 haec
595 1378 736 1454 praedicat,
758 1388 786 1435 et
806 1378 898 1445 docet,
912 1388 941 1435 et
959 1375 1049 1443 tradit,
1066 1375 1149 1448 quasi
1172 1392 1259 1432 unum

85 1471 233 1546 possidens
250 1491 293 1530 os.
336 1473 411 1531 Nam
434 1473 486 1531 etsi
508 1474 538 1531 in
558 1474 664 1532 mundo
683 1474 801 1547 loquelae
825 1471 976 1532 dissimiles
996 1481 1071 1539 sunt,
1092 1470 1145 1528 sed
1165 1480 1259 1529 tamen

86 1567 173 1623 virtus
187 1566 341 1626 traditionis
355 1588 411 1626 uua
424 1581 452 1626 et
464 1568 562 1628 cadem
576 1581 628 1628 est.
669 1571 708 1628 Et
722 1590 813 1644 neque
827 1589 889 1643 quas
904 1570 933 1627 in
949 1568 1102 1627 Germania
1115 1577 1184 1625 suut
1196 1567 1260 1624 'fun-

83 1659 156 1718 datae
169 1662 317 1732 Ecclesiae,
332 1665 410 1723 aliter
423 1665 547 1735 credunt,
563 1677 610 1724 aut
623 1668 702 1725 aliter
720 1667 838 1734 tradunt,
853 1685 944 1737 neque
959 1666 1005 1724 hae
1019 1683 1081 1737 quae
1096 1664 1126 1722 in
1142 1662 1259 1722 Hiberis

84 1767 266 1832 scutumque
280 1761 324 1818 hae
335 1780 398 1835 qnae
411 1763 440 1820 in
452 1763 552 1831 Celtis,
567 1783 659 1836 neque
673 1764 716 1820 hae
731 1781 794 1836 qum
807 1764 836 1820 in
849 1763 974 1830 Oriente,
988 1780 1080 1834 neque
1094 1760 1139 1818 lrae
1151 1780 1220 1835 quae
1229 1762 1258 1819 in

85 1855 227 1933 AEgypto,
238 1877 332 1932 neque
351 1860 396 1918 hae
410 1878 472 1933 quae
486 1862 516 1919 iu
529 1860 631 1936 Libya,
643 1874 737 1932 'neque
759 1861 803 1917 hae
824 1879 887 1934 quae
907 1861 936 1936 in
956 1859 1052 1919 medio
1073 1858 1174 1917 mundi
1194 1867 1261 1917 sunt

83 1953 251 2020 constitutae,
265 1955 316 2012 sed
329 1957 402 2013 sicru
414 1956 458 2014 sol
471 1966 595 2014 creatura
609 1956 665 2015 Dei
679 1957 707 2013 in
719 1957 850 2014 universo
864 1956 969 2017 mundo
982 1974 1054 2014 unus
1069 1965 1098 2012 et
1113 1954 1191 2013 idem
1205 1965 1259 2024 est,

81 2051 167 2108 sicet
179 2051 284 2119 lumen,
296 2053 455 2128 praedicatio
465 2053 588 2111 veritatis
599 2055 703 2127 ubique
716 2053 800 2120 lucet,
811 2063 840 2111 et
852 2054 990 2112 illuminat
1003 2070 1103 2110 ornnes
1113 2038 1258 2120 homines,

84 2146 136 2219 qni
149 2147 246 2205 solunt
265 2146 300 2204 ad
319 2149 507 2226 cognitionem
522 2150 643 2211 veritatis
658 2150 762 2207 venire.
805 2149 844 2211 Et
856 2168 948 2221 nsque
962 2149 1011 2220 qui
1024 2146 1105 2205 valde
1126 2147 1261 2224 praevalet

84 2244 116 2301 in
129 2262 268 2311 sermone,
280 2263 320 2303 ex
333 2246 368 2302 iis
382 2246 431 2318 qui
444 2257 568 2322 presunt
581 2242 729 2315 Ecclesiis,
745 2248 798 2304 alia
811 2265 894 2319 quam
910 2246 970 2303 haec
984 2254 1049 2301 sunt
1059 2243 1151 2301 diest:
1174 2228 1260 2302 nemo

85 2340 161 2398 enim
175 2359 260 2417 super
273 2344 435 2418 magistrum
447 2354 504 2412 est;
515 2363 616 2416 ,neque
627 2345 755 2402 infirmus
769 2344 797 2400 in
812 2342 930 2400 dicendo
941 2338 1261 2419 deminorabittraditio·

84 2456 161 2497 nem.
203 2439 281 2511 Cum
288 2441 368 2499 ‘enirn
382 2461 437 2499 una
450 2451 478 2525 et
491 2442 587 2500 eadem
602 2442 672 2500 fides
686 2444 732 2509 sit‘,
745 2460 835 2514 neque
848 2441 931 2513 isqui
945 2439 1063 2497 multum
1074 2436 1109 2495 de
1117 2456 1156 2495 es
1165 2446 1261 2515 potest

83 2534 178 2594 dicere
192 2536 315 2613 ampliat,
329 2556 421 2611 neque
435 2539 520 2612 isqui
534 2540 637 2608 minus,
652 2538 852 2598 deminorat.”¹
1185 2530 1188 2534 ¹

125 2632 260 2692 Clemens
276 2635 484 2694 Alexandrinus
497 2639 632 2699 unitatem
655 2638 791 2696 Ecclesiae
812 2638 865 2695 alte
884 2636 1027 2714 praedicat
1066 2633 1259 2693 Haeresesre·
1290 2644 1295 2657 '

85 2729 183 2788 sellcns
203 2729 288 2788 dicit:
313 2732 390 2790 “Ex
411 2733 446 2790 iis
467 2753 529 2806 quae
541 2734 623 2793 dicta
644 2744 710 2792 sunt
730 2734 908 2793 manifestum
930 2749 1001 2789 csse·
1015 2730 1148 2788 existimo
1169 2744 1257 2787 unam

84 2845 149 2884 esso
169 2846 263 2886 veram
287 2829 456 2898 Ecclesiam,
478 2849 539 2889 earn
560 2851 622 2905 quae
644 2851 709 2889 vere
733 2840 776 2890 est
800 2831 922 2903 antiqua,
945 2830 975 2887 in
996 2826 1075 2904 enjus
1096 2827 1274 2904 catalogum·

85 2924 240 2982 reseruntur
258 2927 279 2983 ii
292 2929 340 2999 qui
360 2939 425 2987 sunt
441 2930 511 3006 justi
531 2949 568 2988 ex
589 2931 743 3007 proposito.
785 2930 860 2988 Nam
883 2944 946 2985 oum
967 2945 1039 2984 unus
1060 2924 1209 3010 sit'Dens,
1229 2934 1259 2983 et

85 3037 158 3074 unus
176 3020 326 3089 Dominus,
340 3035 486 3099 propterea
505 3026 534 3083 id
554 3028 638 3085 etiam
653 3027 728 3099 quod
750 3036 794 3083 est
815 3044 924 3083 summe
946 3021 1113 3087 venerabile,
1128 3031 1158 3079 et
1170 3040 1209 3079 ex
1223 3038 1259 3079 eo

85 3113 160 3186 quod
175 3115 212 3171 sit
231 3116 344 3173 unicum
365 3118 500 3186 laudatur,
515 3131 546 3177 ut
559 3124 634 3193 quod
648 3118 691 3178 'sit
713 3100 829 3179 imitatio
851 3120 982 3197 principii
996 3117 1070 3191 qood
1093 3128 1137 3174 est
1155 3136 1258 3175 nuum.

85 3209 120 3269 ln
131 3212 213 3269 unius
225 3230 291 3288 ergo
302 3224 405 3272 naturae
417 3227 519 3272 sortem
531 3206 694 3291 coepulator
704 3217 842 3284 Ecclesia,
856 3236 917 3289 quae
928 3225 971 3273 est
982 3233 1045 3280 una,
1057 3231 1142 3285 quam
1154 3230 1260 3275 conan-

85 3320 130 3368 tur
142 3310 263 3368 haereses
279 3311 308 3369 in
321 3311 422 3370 multas
436 3310 602 3370 discindere.
643 3313 687 3370 Et·
696 3314 817 3370 essentia
830 3332 896 3390 ergo
910 3324 937 3369 ct
951 3311 1093 3386 opinione,
1108 3318 1137 3365 et
1153 3310 1273 3385 princi.

84 3407 183 3484 pio,·-et
196 3406 373 3475 excellentia,
382 3393 470 3465 solam
479 3427 547 3465 esse
562 3408 692 3487 dicimus,
704 3411 845 3483 antiquam
856 3423 884 3467 et
895 3408 1074 3465 catholicam.
1082 3405 1257 3475 Ecclesiam,

22 3568 25 3573 ,
86 3504 262 3564 inunitatem
274 3506 355 3577 unius
371 3505 437 3562 fidei
448 3524 510 3578 quae
524 3492 616 3563 estex
630 3505 750 3582 piopriis
764 3499 945 3571 testamentis,
958 3504 1001 3560 vel
1012 3492 1107 3578 'potius
1117 3519 1160 3557 ex
1173 3511 1260 3560 testa·

85 3613 180 3659 mento
194 3602 269 3674 quod
291 3612 335 3659 est
356 3621 441 3660 unum
462 3602 579 3659 divorsis
601 3603 786 3680 temporibus,
803 3602 947 3673 inquibus
968 3599 1024 3656 Dei
1040 3596 1185 3655 voluntate
1207 3616 1273 3674 per,

85 3712 173 3756 unum
187 3698 341 3756 Dominum
356 3710 506 3776 congregat
518 3717 568 3756 eos
582 3700 630 3776 qui
651 3710 725 3756 sunt·
734 3700 793 3775 jam
814 3697 942 3763 ordinati,
958 3713 1028 3769 qnos
1049 3692 1262 3770 praedestiusvit

86 3796 175 3862 Dens,
201 3814 265 3853 oum
288 3815 338 3859 eos
359 3798 451 3874 justos
476 3798 582 3855 futuros
606 3797 785 3873 cognovisset
808 3805 871 3853 ante
896 3793 995 3851 mundi
1016 3792 1260 3865 constitutionem.

87 3891 229 3948 Caeterum
248 3891 385 3951 Ecclesiae
400 3912 512 3966 quoqne
526 3893 686 3959 eminentia,
702 3893 774 3949 sicut
795 3891 963 3967 principium
984 3889 1200 3958 constructionis
1215 3897 1262 3948 est

86 4008 124 4047 cx
136 3989 252 4056 unitate,
267 3978 361 4049 omnia
374 3992 427 4049 alia
440 4011 585 4068 superans,
601 4000 629 4047 et
646 3990 717 4048 nihil
736 3990 842 4071 habens
853 3988 917 4045 sibi
933 3987 1088 4046 similevel
1101 3987 1261 4059 aequale.’'¹

97 4221 99 4225 ¹
118 4222 154 4282 (r)
172 4186 925 4289 s.1etenn,.rer.r12,retransire.152⁶.
959 4194 1023 4270 urus
1035 4213 1087 4284 jem
1100 4219 1261 4289 recitavimus

84 4306 143 4354 dum
154 4306 184 4353 de
196 4304 366 4367 propagatione
377 4308 432 4356 fidei
443 4316 562 4374 ageretur,
573 4326 595 4372 p.
608 4308 662 4357 104.
951 4354 953 4358 .

118 4388 155 4451 (2)
171 4387 248 4436 Clom.
260 4387 329 4434 Alex.
340 4387 355 4436 l.
367 4390 389 4436 t.
399 4389 547 4440 stromatum
559 4408 581 4454 p.
592 4390 647 4440 539.
678 4409 756 4460 τηγυν
769 4407 797 4445 ra
808 4388 851 4452 ἱνος
862 4405 927 4458 prosi
939 4403 1093 4458 crqanpsror
1106 4393 1232 4457 Εκκλησια
1243 4412 1259 4458 η

84 4502 128 4548 μα,
142 4477 166 4534 l,
179 4496 210 4542 ³s5
220 4493 307 4541 πολλας
317 4480 607 4552 κπατεμνειν-θιαζονται
617 4498 726 4550 σιρεσεις.
