2738 5032
465 260 521 320 DE
546 258 651 328 SEDE
676 258 859 319 notuerit.
1194 266 1248 323 trs

75 419 182 478 nullius
192 438 255 478 esse
266 418 419 478 roboris.”¹
431 418 482 477 -lta
491 420 574 477 etiam
590 416 797 487 Theodorctus,
811 418 883 495 Cyri
894 418 1066 496 Episcopus,
1078 439 1094 477 a
1109 417 1249 479 Dioscoro

75 514 231 591 depositos,
246 516 396 592 appellavit
416 514 557 573 Leonem:
581 515 667 573 “Oro
688 526 771 588 atque
789 516 912 573 obtestor
928 516 1102 573 sanctitatem
1116 526 1203 584 tuam,
1217 525 1250 573 ot
1273 372 1312 641 ἡ)

73 621 182 669 rectum
197 630 229 669 sc
238 608 348 688 justum
363 612 479 669 tribunal
493 623 614 669 vestrum
629 612 770 670 invocanti
783 630 867 688 opem
881 612 999 669 serat.”⁸
1022 674 1025 681 ⁴

65 779 68 785 Ι
88 730 93 737 ·
117 708 186 787 Obj.
202 713 230 767 8.
252 708 301 768 Ex
315 709 525 769 catholicorum
544 710 721 767 confessione
736 709 867 768 Christus
885 728 943 767 nou
958 708 1080 786 alligavit
1099 711 1249 788 primatum

72 804 136 863 sedi
153 804 309 871 Romanam
323 805 373 863 sed
393 825 460 864 casu
475 806 560 863 veluti
574 807 600 863 ei
618 806 744 864 adnexus
758 815 811 873 est,
826 805 912 864 Petro
932 806 1052 864 Romam
1072 806 1248 875 ¹adveniente,

73 910 142 978 post
155 900 275 979 plurima
289 901 399 968 iuuere,
411 912 440 959 ct
453 901 658 960 Antiochenam
669 901 729 977 jorn
744 911 907 977 occupatam
922 901 1092 960 cathedram.

113 996 202 1075 Resp.
224 996 299 1064 Quid
319 997 452 1057 Christus
472 999 557 1057 Petro
576 999 740 1076 preceperit
757 999 810 1057 hac
833 998 868 1056 de
883 1016 913 1056 re
926 1000 1080 1071 nescimus,
1102 1003 1131 1058 in
1155 1001 1250 1078 Scrip-

72 1095 263 1173 tum-quippe
276 1114 333 1152 non
346 1095 503 1155 reseruntur
512 1097 608 1153 omnia
617 1114 680 1167 quas
695 1114 746 1172 per
756 1094 938 1171 quadraginta
948 1095 1008 1152 dies
1024 1097 1170 1173 Apostolis
1185 1108 1250 1175 post

72 1191 306 1247 resurrectionem
321 1209 468 1267 apparens,
483 1202 587 1248 etcum
603 1192 644 1271 eis
659 1190 694 1248 de
709 1210 795 1268 reguo
809 1190 864 1248 Dei
878 1191 1007 1263 loquens,
1022 1192 1092 1267 ipsis
1107 1192 1250 1251 tradiderit

71 1285 266 1344 documenta·
294 1285 436 1345 Coetemm
458 1287 494 1344 de
516 1305 544 1344 re
564 1299 648 1355 tanta,
671 1287 706 1344 de
728 1287 795 1345 sede
817 1288 925 1345 scilicet
948 1289 1059 1364 imperii
1083 1289 1248 1357 Christiani,

72 1383 190 1443 Petrum
205 1404 222 1442 a
236 1383 352 1443 Christo
363 1385 503 1448 edoctum,
516 1383 560 1441 vel
573 1385 672 1442 saltem
684 1384 817 1460 aspicito
832 1386 936 1443 Sancto
950 1386 1126 1452 illustratum,
1137 1403 1196 1444 non
1206 1397 1250 1444 cst
1332 1368 1338 1385 ⁵

71 1480 275 1539 inverosimile.
303 1479 460 1553 ¹Quidquid
475 1480 520 1547 sit,
535 1496 621 1552 quum
637 1478 768 1537 Christos
789 1480 906 1538 Petrum
926 1492 1068 1558 pastorem
1086 1480 1169 1539 ovilis
1183 1501 1250 1541 oon·
1354 1484 1357 1489 '

70 1577 203 1651 stitusrit,
217 1577 295 1650 quod
308 1596 422 1644 munos,
437 1577 511 1635 sicut
524 1578 617 1654 ipsum
633 1576 717 1643 ovile,
732 1587 899 1652 perpetuum
912 1597 976 1636 esse
990 1579 1087 1646 voluit,
1100 1580 1149 1652 qui
1163 1578 1249 1638 Petro

70 1677 212 1753 successit
224 1687 319 1753 pastor
332 1675 431 1734 eodem
441 1676 507 1751 jure
517 1672 604 1733 sactus
614 1684 672 1732 est:
688 1673 808 1749 ideoque
821 1674 1140 1751 episcopusllomanus,
1152 1685 1248 1754 utpote

71 1773 152 1832 Petri
166 1790 321 1839 successor,
332 1773 396 1849 jure
410 1771 505 1829 divino
520 1774 614 1848 pastor
627 1781 671 1828 est
684 1782 712 1829 et
726 1781 817 1843 rector
831 1770 916 1827 totius
929 1770 1078 1830 Ecclesiae.
1110 1773 1248 1839 Quamvis

70 1868 160 1946 igitur
167 1869 283 1928 Petrum
292 1887 344 1926 suo
353 1868 439 1927 veluti
448 1869 559 1925 arbitrio
568 1867 666 1926 sedem
678 1867 776 1925 Romae
787 1865 898 1925 tandem
908 1867 1005 1925 fixisse
1015 1868 1175 1927 existimare
1185 1870 1248 1942 quis

71 1965 152 2033 velit,
166 1976 195 2022 et
208 1964 274 2023 inde
287 1965 416 2041 episcopi
430 1964 552 2022 Romani
567 1983 623 2041 prae
636 1964 745 2031 cacteris
759 1963 896 2040 primatus
910 1962 1058 2029 derivetur,
1072 1963 1135 2039 ipse
1149 1965 1250 2040 prima·

71 2073 121 2121 tus
134 2062 267 2120 divinitus
283 2060 424 2119 institutus
439 2062 468 2118 iu
482 2061 529 2119 illa
542 2060 616 2118 Sede
627 2061 687 2137 jam
701 2060 828 2118 inheret.

117 2156 184 2237 obj.
200 2162 228 2216 9.
251 2157 388 2230 Pleraque
416 2175 478 2228 quse
506 2156 641 2232 primatus
664 2156 729 2231 jura
751 2166 901 2213 censentur
927 2156 956 2213 in
983 2155 1083 2232 primis
1110 2154 1249 2214 Ecclesiae

72 2257 187 2315 surculis
210 2274 268 2313 non
292 2254 490 2312 exercebantur
512 2254 546 2310 ab
567 2253 717 2330 Episcopo
742 2253 889 2311 Romano:
915 2253 1123 2330 Episcoporom
1144 2255 1249 2333 qnippe
1330 2304 1335 2343 ἲ

71 2353 227 2411 electiones
237 2371 258 2408 a
270 2350 400 2409 fidelibus
421 2360 449 2408 ct
462 2349 548 2407 Clsro
569 2349 690 2407 fiebant:
702 2424 705 2431 Ι
717 2349 927 2426 Episcoporurn
945 2347 1052 2425 judicia
1072 2351 1101 2409 in
1121 2353 1248 2412 conciliis
1331 2346 1335 2359 ¹

71 2450 263 2509 habebantur:
285 2448 340 2505 alia
353 2467 369 2504 a
382 2446 571 2524 Metropolitis
585 2447 631 2505 vel
648 2446 822 2523 patriarchis,
837 2446 1038 2505 Ecclesiastico
1048 2448 1122 2524 jure,
1137 2468 1250 2528 perage·

71 2551 194 2607 hantun-
211 2565 273 2620 que
285 2547 389 2613 omnia,
401 2544 496 2604 divino
509 2546 593 2605 veluti
602 2546 677 2622 jure,
689 2545 743 2603 sibi
754 2556 914 2623 competere
929 2545 1092 2622 Episcopus
1104 2547 1249 2607 Romanus
1354 2554 1360 2563 '

68 2648 132 2727 jam
144 2645 272 2713 affirmat.
313 2645 428 2702 Sensim
438 2645 522 2721 igitur
532 2645 593 2702 sine
607 2656 697 2700 sensu'
705 2645 765 2700 hese
777 2643 831 2700 sibi
842 2642 1005 2701 decessores
1016 2644 1060 2700 sui
1071 2657 1249 2720 usurparunt,

72 2742 256 2811 decretalium
271 2741 400 2799 falsarum
414 2759 480 2817 ope.

114 2838 204 2917 Reep.
226 2839 271 2897 De
293 2840 357 2916 ipso
379 2839 497 2915 primatu
519 2856 604 2909 quum
628 2848 732 2912 agatur,
754 2836 864 2912 singula
881 2854 943 2908 quae
965 2835 992 2891 ei
1014 2835 1170 2894 tribuuntur
1186 2839 1251 2914 jura

73 2930 227 2999 vindicare
244 2930 304 2997 uon¹
324 2949 367 2995 est
391 2955 480 3012 opus:
509 2935 534 2992 si
558 2934 634 2992 enim
659 2932 864 2992 ostenderimus
888 2932 1065 3008 Episcopum
1081 2934 1248 2995 'Romanum
1331 2926 1335 2933 ⁴

71 3037 227 3117 potentiori
241 3035 442 3113 principalitate
457 3033 491 3090 ab
504 3033 584 3091 initio
598 3051 662 3090 esse
676 3030 812 3111 sunctum,
824 3030 894 3088 adeo
908 3040 939 3087 ut
951 3028 1110 3090 disciturum
1125 3034 1251 3094 Ecclesi-

72 3134 282 3193 arutnhaberet
293 3130 509 3196 solicitudinem,
519 3147 566 3186 eas
578 3128 612 3186 ad
624 3127 802 3187 concordiam
813 3124 937 3185 studeret
946 3127 1088 3196 reducere,
1098 3149 1250 3205 earumque

74 3206 295 3288 consuetudines
316 3226 464 3302 corrigere,
485 3224 573 3307 etiam·
590 3223 772 3282 aaadrematis
787 3223 932 3281 intentatis
953 3223 1048 3291 minis,
1063 3223 1181 3283 decretis
1195 3226 1252 3302 Sy·.

74 3325 215 3386 nodorum
230 3326 260 3383 iu
272 3326 380 3383 irritum
395 3323 499 3390 missis,
517 3325 576 3400 jam
598 3333 707 3391 constat
719 3340 783 3379 eum
799 3322 945 3397 primatem
959 3338 1033 3387 esse,
1048 3340 1158 3378 summa
1171 3322 1251 3382 indu·

72 3435 139 3483 tum
159 3416 328 3480 anctoritate.
369 3421 544 3479 Exercitium
568 3429 659 3477 nomm
683 3419 758 3493 juris
776 3417 860 3490 quod-
873 3419 899 3476 ci
921 3417 1064 3494 competit,
1087 3434 1124 3474 ex
1146 3435 1249 3487 rerum,

73 3522 214 3589 locorum,
229 3516 443 3597 temporumque
456 3518 594 3601 adjunctis
614 3505 765 3592 plurimum
786 3516 899 3593 pendet,
913 3525 1081 3591 quapropter
1094 3515 1133 3573 nil
1149 3517 1250 3578 mirum

74 3608 234 3695 si'urgente
248 3617 451 3694 persecutione,
463 3602 686 3673 sei'florentib'us
699 3612 818 3670 sedibus
828 3611 1016 3670 Alexandrina
1027 3623 1054 3669 et
1064 3613 1249 3682 Antiochena,
1305 3636 1307 3643 ·

76 3734 136 3775 nou
149 3734 183 3773 es
196 3712 378 3791 amplitudine
392 3712 530 3788 explicata
544 3711 626 3768 suerit
646 3719 768 3786 potestas
790 3710 947 3775 Pontificio,
963 3728 1017 3780 qua
1031 3719 1137 3785 postes.
1178 3712 1249 3780 Qus

76 3812 247 3890 objiciuntur
270 3809 305 3867 ad
329 3807 505 3884 disciplinam
531 3826 592 3881 quae
618 3807 716 3865 variari
744 3815 836 3882 potest
859 3806 1014 3882 pertinent:
1044 3807 1074 3864 in
1097 3807 1132 3864 iis
1157 3818 1249 3868 tamen

75 3910 181 3985 sepios
209 3894 327 3965 eminuit
355 3904 493 3981 Episcopi
520 3904 642 3963 Romani
669 3902 816 3960 auctoritas
844 3902 927 3959 etiam
960 3902 1131 3977 temporibus
1158 3914 1250 3962 vetus-

76 3989 203 4063 tissimis.
245 3997 561 4061 Pseudo-Isidorianis
589 3998 771 4057 decretalibus
797 3997 897 4087 ¹1le}
923 3998 1053 4081 omnino‘
1066 3997 1191 4089 abjectis,
1216 4018 1250 4057 ea
1280 3927 1300 4067 s

77 4093 346 4161 manent‘Primatus
356 4099 421 4174 jura
434 4115 497 4169 quae
511 4095 698 4162 defendimus,
713 4095 790 4153 nulla
802 4095 908 4153 ratione
921 4092 1118 4153 labefactanda.
1178 4130 1182 4137 ·
1281 4104 1292 4195 p

117 4198 163 4258 De
177 4196 328 4257 Pontificio
347 4203 484 4272 potestate
503 4202 612 4251 constat
631 4212 693 4250 eam
713 4193 809 4252 omnia
827 4190 976 4266 complecti
987 4209 1055 4264 quae
1068 4191 1102 4249 ad
1116 4193 1248 4250 unitatem

78 4295 145 4355 fidei
159 4306 188 4354 et
200 4293 345 4371 regiminis
359 4292 389 4349 in
403 4289 534 4349 Ecclesia
546 4288 710 4348 servandam
731 4288 917 4361 requiruntur.
957 4285 1046 4363 Igitur
1066 4287 1136 4345 nihil
1158 4296 1251 4364 potest

78 4393 212 4453 Pontifex
223 4376 358 4453 'adversus
372 4388 526 4453 veritatem,
541 4384 592 4443 sed
611 4405 665 4464 pro
679 4385 809 4452 recitate3
834 4385 895 4460 ejus
917 4393 1010 4442 minen
1032 4394 1076 4441 est
1094 4384 1163 4442 alios
1183 4382 1249 4441 lidei

1314 4000 1324 4035 ,Ἃ
1342 4030 1347 4037 n

1310 4038 1364 4083 tlt„

255 4620 257 4625 ,
269 4589 280 4643 t
283 4584 306 4641 1)
324 4581 371 4644 Ep.
381 4582 404 4629 1.
414 4579 452 4629 ad.
463 4552 547 4628 innoc.
757 4575 794 4637 (2)
811 4574 856 4640 Ep.
867 4578 897 4627 sd
908 4578 983 4627 Leon.
