2738 5032
376 111 433 173 na
452 109 626 185 teutone
639 108 993 171 neonusrasmcte.
1142 88 1150 121 ⁸
1215 109 1286 167 sor·

45 281 227 359 &petubas
241 284 389 345 censerent
402 287 552 364 probatos
575 303 718 358 nunquam
742 295 834 342 tamen
848 285 1013 344 destiterunt
1030 284 1122 344 donec
1142 282 1279 361 dissipata

87 380 177 439 omui
191 382 292 441 nebula
294 383 454 460 ,judicium
473 383 568 471 apud
572 401 687 476 omnes
693 386 843 459 eiroeptum
857 382 905 450 sit,
928 384 1115 485 pertinacibus
1133 381 1277 505 episeopis

90 474 193 534 Istriae.
200 478 311 537 tandem
326 481 491 539 abscissis.
822 528 824 535 .

102 571 213 632 llaec
239 573 380 636 Ecclesia
398 577 547 635 a'uctoritas
573 575 758 653 infallibilis
750 595 778 634 ιιι
803 593 888 633 seusu
911 574 1044 635 libromm
1066 572 1283 635 determinando

87 668 124 727 in
145 665 347 745 condonent
370 684 422 732 ιιι
440 674 547 741 vocata,
572 672 705 735 damnato
735 671 807 730 libro
834 671 963 731 Jansenii
992 672 1121 749 episcopi
1140 673 1285 749 iprensis,

89 767 147 840 qui
162 776 184 804 ‘⁸
194 769 389 847 Augustinus”
404 769 520 839 dicitur;
535 786 621 844 quom
637 768 792 842 eniminde
804 780 933 827 extractae
947 769 1050 827 luerint
1069 770 1279 847 quinquepro·

88 864 266 942 positiones,
280 884 344 939 quse
357 867 443 929 totius
457 866 552 944 operis
566 866 898 939 substantiamvi'rusque
911 865 1177 942 complectebantur,
1199 875 1229 925 et
1247 865 1278 924 iu

89 960 202 1036 quibus
215 964 278 1041 eins
290 964 375 1022 cardo
388 965 555 1037 vertebdtur,
568 973 706 1041 negarunt
718 962 781 1021 libri
793 965 904 1040 patroni
918 982 1012 1022 aas-eo
1021 963 1167 1030 contineri,
1177 963 1277 1022 saltem

77 1076 131 1117 -eo
145 1077 234 1143 seusu
249 1076 306 1133 quo
316 1058 456 1137 *damnatae
471 1071 553 1119 sunt:
566 1072 595 1117 at
608 1059 761 1119 Pontifices
776 1070 898 1119 mentem
913 1060 1034 1117 auctoris
1047 1072 1105 1116 non
1118 1075 1183 1115 esse
1202 1066 1279 1116 isse·

85 1164 179 1215 cotos
193 1154 311 1216 fidenter
323 1157 505 1217 affirmarunt.
547 1157 646 1215 binltre
659 1167 763 1214 secute
776 1169 844 1217 sunt
855 1156 930 1225 lites,
942 1157 1086 1229 tricaeque,
1097 1153 1278 1215 Jausenianis

86 1253 196 1312 eorum
213 1251 315 1331 placita
328 1253 399 1313 intra
413 1252 574 1313 Ecdeaiam
594 1268 749 1332 propagare
764 1252 956 1319 studentibus,
970 1253 1053 1330 cujus
1070 1250 1228 1311 auctoritati
1247 1249 1278 1309 ιιι

86 1368 127 1410 re
138 1349 208 1409 fidei
221 1349 336 1430 plenum
352 1350 552 1428 profitebantur
565 1350 978 1433 obsequium,'erroremsoeti,
988 1352 1027 1410 ιιι
1043 1349 1184 1416 dicebant.
1198 1347 1280 1426 iujo·

92 1443 176 1504 dioio
189 1456 287 1506 contnt
299 1446 427 1507 Jaus'enii
440 1444 542 1505 librum
556 1446 612 1505 lato
626 1446 788 1525 allegantes.
826 1446 887 1524 Eis.
897 1446 996 1505 ·iavere
1010 1447 1070 1506 risa
1092 1456 1136 1505 est
1155 1444 1281 1504 Theolo-

94 1552 203 1621 goram
216 1544 292 1604 ce'rts
303 1544 442 1603 sententia
455 1544 485 1603 in
499 1543 583 1614 iactis
593 1543 678 1608 err'ari
692 1561 889 1621 posse‚,quum
911 1562 949 1602 ex
970 1543 1125 1603 hominnm·
1140 1542 1282 1621 pendeant

94 1642 274 1701 testimonio.
314 1640 456 1701 Cretatam
472 1651 531 1700 toto
541 1636 723 1700 colodistarit
736 1641 808 1699 inter
820 1658 853 1698 se
866 1640 937 1698 iacta
945 1639 1125 1718 personalia,
1134 1641 1164 1701 in
1177 1641 1281 1714 quibus

92 1740 140 1798 nti
155 1724 195 1798 ιιι
209 1739 241 1798 S.
256 1736 395 1807 Thomas,
418 1740 584 1818 “possibile
597 1732 790 1816 estjudiciu'm
805 1738 942 1805 Ecclesiae
962 1756 1054 1796 errare
1067 1748 1181 1815 propter
1194 1738 1281 1798 falsos
1356 1766 1360 1771 ’

89 1844 185 1896 testea
195 1835 240 1905 ;”ι
252 1846 280 1893 et
293 1835 365 1894 iacta
377 1830 556 1914 dogmatico,
572 1855 634 1909 que
648 1854 799 1913 personam
815 1854 877 1896 ‚non
891 1830 1055 1912 respiciunt,
1069 1833 1119 1893 sed
1132 1835 1196 1894 libri
1216 1854 1281 1894 seu-

88 1951 184 1992 sum:
201 1931 263 2005 hee
275 1931 352 1989 enim
368 1931 434 2008 jure
447 1931 603 2009 optimoad
617 1931 771 1991 doctrinam
784 1928 954 2009 reienrntnrr
977 1942 1007 1993 et
1027 1941 1117 1993 totum
1139 1922 1279 1991 Ecclesia

83 2026 238 2104 judicium
252 2025 348 2084 nititur
360 2026 509 2085 collatione
523 2028 725 2104 principiorum
741 2047 803 2101 quae
816 2029 888 2088 libro
904 2030 1083 2088 eontinentur
1096 2047 1161 2087 cum
1179 2027 1280 2087 doetri-

91 2143 143 2185 na
158 2121 292 2191 divinitus
307 2124 416 2183 tradita.
449 2124 490 2182 Si
504 2124 644 2215 ejusmodi
662 2125 772 2202 jndicio
792 2142 871 2184 error
892 2128 1010 2187 subesse
1032 2136 1139 2204 posset,
1161 2127 1279 2204 impune

97 2229 294 2303 grassarentur
307 2216 445 2289 hereses,
456 2240 543 2295 quum
551 2221 679 2296 quisque
693 2223 785 2282 verbis
800 2213 943 2281 Ecclesiae
947 2223 1078 2301 dogmata
1090 2225 1236 2302 profitens,
1246 2240 1281 2283 ea

96 2318 279 2398 proarbitn'o
293 2319 459 2400 explicaret,
476 2319 549 2394 quin
559 2319 623 2378 libri
644 2320 733 2398 ejus
730 2330 807 2380 certo
829 2321 1036 2381 innotescerent
1054 2317 1178 2382 ιιιιιιιιιι
1202 2323 1280 2415 quod

99 2415 281 2477 Jauseuianis
303 2397 431 2495 conligit,
454 2417 503 2490 qui
525 2417 589 2494 ipsa
607 2417 652 2477 sui
674 2418 799 2496 magistri
821 2416 923 2496 placita
944 2439 1098 2499 propagare
1120 2406 1279 2490 studebant,

100 2511 191 2572 menti
204 2513 265 2595 ejus
280 2511 422 2571 adhaerere
436 2514 610 2590 prolitentes,
626 2533 689 2587 quta
703 2535 720 2572 a
733 2514 941 2573 calviniana
912 2517 1041 2589 quinque
1053 2518 1279 2593 propositionum

90 2609 328 2688 interpretatione
344 2609 430 2686 longe
451 2609 555 2668 aberat.
595 2608 769 2686 Allegabant
782 2611 867 2683 etiam
889 2611 1015 2687 insignes
1037 2605 1203 2688 Theologos
1231 2612 1281 2670 do·

101 2708 198 2767 euisse
221 2705 319 2766 Patres
340 2705 394 2765 vt.
417 2703 528 2782 Synodi
546 2704 700 2783 judicando
721 2703 756 2762 de
779 2704 901 2764 Houorii
923 2706 1081 2775 Pontificio,
1096 2706 1131 2764 ad
1148 2707 1280 2784 Sergium

101 2784 447 2881 iimslautiuopolitanum
456 2798 663 2870 Ῥιιιιιιιιιιιιι,
675 2800 814 2877 epistolis,
829 2819 947 2870 enasse,
962 2820 1012 2875 qur
1004 2800 1134 2882 'scilieet
1147 2794 1280 2863 heretico

101 2900 230 2962 Honorio
245 2898 396 2963 anathima,
407 2897 662 2965 idcirce·dieebaut;
672 2897 801 2971 quamvis
812 2896 888 2955 nulla
902 2897 1018 2956 haeresis
1027 2899 1062 2958 iis
1072 2901 1278 2977 epistiliscou·
1333 2960 1335 2964 ,

99 2999 228 3058 tinemut.
270 2996 327 3054 Sed
341 3015 395 3054 nec
408 2996 438 3054 bi
452 2990 562 3072 patroni
573 2993 727 3054 ¹adhibendi
740 3005 816 3064 sunt,
830 2994 883 3052 nec
903 2995 979 3073 enirn
990 2997 1090 3056 'ullum
1104 3000 1219 3075 protulit
1234 3000 1281 3076 ju-

99 3095 209 3156 dicium
221 3093 384 3154 Concilium
399 3092 517 3175 illud'de
531 3092 652 3153 Honorii
667 3091 807 3171 epistolis,
821 3080 872 3152 se'd
884 3093 946 3171 ipsi
969 3094 1098 3154 dicebant
1120 3097 1279 3164 anathema,

97 3188 420 3283 (bigesuinasiutaeta)
435 3189 511 3264 qaod
520 3190 629 3253 seilicet
638 3190 717 3248 visus
726 3190 1016 3249 sueritltlonotbelitis
1031 3191 1169 3257 hereticis
1183 3193 1280 3250 conni-

102 3307 181 3358 vere,
191 3288 336 3348 silentium
347 3287 460 3361 'utrique
473 3287 546 3364 parti
556 3287 740 3364 injungendo,
755 3305 845 3360 quoru·
858 3285 1012 3369 Catholieae
1026 3287 1149 3357 veritatis
1163 3287 1279 3347 liberam
1356 3362 1360 3369 ι

106 3386 333 3466 predicationem
347 3396 443 3443 eontra
454 3383 590 3459 novitium
602 3402 725 3459 errorem
735 3401 838 3460 urgere
852 3394 1001 3458 oporteret.
1019 3369 1024 3380 ¹
1043 3383 1281 3444 Putabat'Bellar·

102 3484 198 3545 miuus
212 3488 262 3542 eos
275 3483 457 3560 epistolarum
471 3493 596 3540 tenorem
617 3499 675 3540 non
694 3481 747 3539 rite
766 3480 950 3548 intellexisse,
964 3500 1017 3542 neo
1038 3481 1163 3541 animum
1183 3483 1281 3544 Ponti·

101 3582 167 3641 iieis
176 3599 254 3654 eque
263 3580 467 3657 interpretatos,
477 3577 527 3639 sed
538 3577 616 3639 salsis
631 3576 947 3653 rumoribusdeeeptos.
957 3587 986 3635 et
998 3577 1104 3650 iniquis
1113 3580 1281 3657 suspicioni-

101 3680 157 3738 bus
170 3679 298 3755 ebreptos
312 3677 442 3754 iujuriam
452 3673 607 3733 orthodoxi
621 3674 749 3752 presulis
763 3665 909 3734 memoriae
922 3674 1158 3752 irrogasse.¹·.1ln
1176 3696 1207 3737 ra
1228 3678 1281 3737 liu·
1342 3726 1344 3730 .

85 3775 226 3856 ¹jrtstnodi
239 3773 324 3833 errari
336 3766 422 3850 possa
436 3772 624 3848 incomperto
638 3782 690 3840 ost,
705 3772 809 3859 iactum
822 3773 899 3831 euim
911 3781 957 3849 est
977 3772 1134 3857 personale,
1151 3776 1279 3848 quamvis

101 3872 277 3950 scriptorum.
287 3870 370 3930 lectio
383 3883 433 3927 eos
447 3869 571 3946 movisse
584 3869 708 3938 dicatur,
717 3888 774 3927 non
783 3869 844 3927 sola
853 3880 958 3936 umen,
972 3886 1024 3927 uec
1036 3868 1178 3930 de'eorum
1192 3891 1279 3931 sensu

105 3971 244 4051 prolatum
257 3950 437 4027 estaolsmne
448 3966 598 4048 judicium.
640 3966 849 4034 QuiEoclesie
862 3966 1052 4026 auctoritatem
1066 3967 1119 4026 hac
1130 3971 1202 4029 inre
1216 3989 1280 4047 pm·
1350 3998 1356 4010 ³

102 4073 239 4148 pugnant,
254 4085 288 4124 ea
301 4054 407 4123 tantum
417 4072 533 4121 tuentur
542 4062 650 4140 judicia
664 4062 802 4135 solemnia
809 4067 876 4136 'quae
885 4062 951 4121 libri-
961 4081 1088 4133 sensum,
1100 4066 1183 4143 prout
1191 4067 1277 4144 jacet,

100 4166 265 4247 respiciunt
307 4161 387 4229 Hoc)
397 4158 429 4221 'iu
445 4159 546 4218 Galliis
561 4179 612 4237 per
624 4150 727 4218 secula
742 4161 803 4222 iere
816 4155 873 4233 duo
884 4172 1048 4222 exemerunt
1060 4162 1186 4232 dissidia,
1207 4163 1282 4227 inter

206 4306 209 4314 Ι
284 4340 289 4357 ”
358 4344 369 4390 .‘
452 4310 875 4399 llilicodtisstuqnuucott'
933 4340 936 4345 '

462 4416 844 4485 tithldelto'nfflmtoxt.
956 4446 959 4451 -
1027 4438 1057 4487 ,-
