2738 5032
126 276 182 335 tro
517 273 572 333 DE
595 273 703 333 SEDE
725 272 913 333 ROMANA.

123 432 251 511 rigantur
262 448 278 489 a
290 431 349 499 te,”
364 432 461 489 scribit
474 431 509 489 ad
524 432 711 509 Stephanum,
726 432 850 489 “litterae
865 432 894 489 in
909 428 1094 508 provinciam,
1106 438 1136 486 et
1148 426 1184 486 ad
1200 428 1354 506 plebend

126 529 239 589 Arelate
253 529 472 595 consistantcma
490 529 603 601 quibus,
618 529 746 585 abstento
760 526 917 592 Marciano,
934 526 1004 583 alius
1017 525 1045 581 in
1060 525 1155 583 locum
1170 525 1234 602 ejus
1247 526 1325 582 sub’

127 626 266 693 stituatur,
281 637 310 683 et
323 645 392 703 grex
407 626 526 693 Christi,
541 627 635 698 quiin
658 624 826 683 hodiernum
841 625 874 682 ab
895 622 944 681 illo
955 622 1129 700 dissipatus,
1144 635 1171 680 et
1185 622 1354 681 vulnera*

125 736 170 783 tus
191 725 389 793 contemnitur,
404 723 596 802 colligatur.''¹
635 724 711 781 Tota
731 723 849 783 historia
868 721 1008 781 Ecclesiae
1027 732 1056 778 et
1075 722 1172 779 omnia
1192 738 1309 798 prorsus
1335 726 1354 762 ¹

125 840 211 879 sacre
230 823 402 895 antiquitatis
422 832 605 881 monumenta
621 819 774 879 ostendunt
794 808 956 897 Episcopus
973 818 1094 897 judicari
1117 838 1217 896 posse,
1231 819 1277 877 vel
1298 825 1354 876 al

127 917 315 995 collegarum.
325 929 406 986 cetu,
421 918 467 976 vel
480 919 514 976 ab
529 918 676 994 Episcopo
690 917 912 994 Episcopomm.
954 917 1025 983 Quae
1039 914 1211 992 objiciuntur
1224 916 1309 973 verba

125 1012 345 1091 adEpiscopos
360 1016 389 1073 in
404 1013 536 1073 Concilio
554 1022 738 1089 congregatos
760 1012 843 1087 plane
863 1012 1028 1078 referuntur,
1044 1030 1080 1068 ex
1098 1012 1202 1083 quibus
1223 1028 1309 1069 nemo

126 1111 218 1187 potuit
228 1111 407 1189 Episcopum
419 1112 536 1170 aliorum
549 1130 580 1168 se
595 1109 746 1188 predicare
757 1129 765 1177 ;
779 1108 830 1167 sed
843 1108 917 1167 dicta
927 1120 993 1166 sunt
1003 1109 1098 1166 forsan
1106 1119 1138 1166 ut
1149 1108 1312 1185 Stephanus

127 1209 315 1277 vellicarent,
329 1211 379 1283 qui
400 1229 435 1267 eo
457 1208 537 1267 titulo
557 1226 636 1266 more
658 1208 797 1284 majorum
817 1208 988 1266 ornabatur:
1008 1206 1098 1279 liquet
1119 1205 1232 1277 scilicet
1253 1207 1314 1283 jam

127 1309 303 1384 temporibus
326 1306 495 1364 Tertulliani
518 1324 584 1363 eum
607 1315 772 1381 usurpatum
792 1314 821 1361 ct
845 1305 977 1363 tributum
1000 1304 1152 1380 Episcopo
1169 1302 1315 1361 Romano.

128 1403 205 1462 Eum
221 1403 316 1461 datum
331 1403 387 1479 ipsi
408 1402 495 1460 Petro
515 1401 663 1478 pastoralis
677 1400 803 1458 muneris
818 1401 926 1458 ratione
940 1419 977 1457 ex
997 1400 1133 1468 Arnobio,
1150 1388 1265 1458 Gallico
1286 1398 1316 1457 bi

120 1492 227 1557 'seculi
249 1498 385 1574 scriptore
406 1502 539 1556 constat*
578 1498 667 1575 Igitur
689 1498 799 1575 objecta
821 1499 905 1555 verba
927 1498 972 1554 vel
994 1495 1029 1553 ad
1050 1498 1157 1555 incerta
1179 1497 1316 1571 nulloque

123 1594 262 1652 Ecclesiae
277 1594 392 1653 decreto
414 1595 540 1663 definita,
556 1594 702 1652 reserenda
715 1603 791 1660 sunt,
807 1595 878 1651 inter
891 1612 954 1666 que
968 1594 1131 1651 recensebat
1152 1592 1319 1671 Cyprianus

126 1692 310 1764 questionem
325 1691 360 1749 de
375 1692 515 1768 baptismo
529 1692 563 1750 ab
578 1691 717 1750 hereticis
732 1691 844 1756 collato,
859 1689 903 1747 vel
918 1690 952 1746 ad
967 1707 1084 1749 sensum
1103 1709 1265 1748 consonum
1279 1691 1316 1749 iis

126 1806 193 1861 quae
206 1788 269 1865 ipse
284 1789 352 1846 alias
368 1788 490 1855 tradidit,
502 1807 622 1861 queque
638 1787 762 1851 universi
771 1796 869 1863 ¹patres
883 1785 1047 1855 docuerunt,
1063 1797 1129 1844 sunt
1142 1785 1316 1847 reducenda.

170 1884 236 1964 obj.
252 1890 280 1942 4.
297 1880 493 1963 Hieronymus
505 1884 587 1942 dicit:
605 1893 624 1919 ‘⁶
634 1883 667 1940 Si
678 1884 827 1941 auctoritas
838 1884 982 1954 queritur,
992 1884 1068 1940 orbis
1079 1885 1170 1960 major
1180 1894 1227 1941 est
1237 1885 1317 1943 urbe.
1338 1906 1342 1912 ·

126 1982 307 2055 Ubicumque
321 1982 405 2041 suerit
425 1982 599 2058 Episcopus,
615 1980 675 2036 sive
697 1980 806 2046 Rome,
822 1981 882 2037 sive
903 1980 1039 2056 Eugubii,
1056 1981 1115 2038 sive
1136 1979 1238 2056 Cpoli,
1253 1982 1316 2041 sive

128 2079 245 2155 Rhegii,
261 2078 321 2136 sive
336 2076 526 2144 Alexandriae,
541 2074 668 2153 ejusdcm
684 2075 775 2133 meriti
789 2086 842 2144 est,
858 2086 887 2133 et
899 2074 1028 2152 ejusdem
1043 2075 1253 2141 Sacerdotii.”⁸

166 2174 255 2252 Resp.
279 2174 475 2250 Hieronymus
490 2173 600 2250 objecto
615 2172 644 2230 in
657 2171 721 2230 loco
736 2172 939 2249 Episcopalem
960 2171 1123 2249 dignitatem
1144 2170 1319 2232 contradis·

128 2289 263 2328 concrum
289 2270 426 2328 Romane
449 2269 588 2328 Ecclesie
608 2269 792 2346 supercilium
815 2268 948 2335 vindicat,
971 2267 1108 2341 docetque
1132 2269 1318 2348 Episcopum

127 2368 205 2427 urbis
218 2367 363 2444 amplioris
378 2366 423 2424 vel
437 2366 555 2424 minoris
566 2365 668 2423 eodem
682 2376 812 2441 prestare
827 2363 1002 2432 Sacerdotio,
1017 2375 1046 2422 et
1059 2364 1178 2440 proinde
1192 2385 1210 2423 a
1224 2365 1320 2425 discs-

128 2464 174 2521 nis
189 2464 244 2521 sibi
257 2463 343 2540 gradu
357 2462 536 2521 inferioribus
551 2480 614 2519 esse
635 2462 790 2519 honorifice
805 2461 987 2520 tractandum.
1030 2461 1077 2519 Ex
1099 2461 1240 2521 Romane
1260 2463 1319 2523 Ec·

130 2560 224 2620 clesie
246 2559 411 2618 celsitudine
432 2562 545 2618 occasio
565 2559 691 2633 diaconis
713 2568 756 2616 est
776 2570 836 2617 orta
856 2560 1030 2637 Episcopus,
1051 2579 1114 2619 earn
1135 2542 1317 2640 negotiorum

131 2646 216 2718 causa
231 2658 378 2725 adeuntes,
394 2657 488 2715 miuus
509 2667 668 2715 reverenter
688 2655 827 2737 habendi:
850 2656 953 2730 quade
967 2676 997 2714 re
1019 2657 1118 2716 merito
1136 2670 1320 2737 questus-cst

133 2770 248 2817 sanctus
263 2748 310 2815 ille
331 2754 438 2814 doctor.
480 2752 622 2813 Ceterum
637 2744 765 2828 quamvis
780 2772 895 2813 omnem
916 2753 1017 2813 fastum
1038 2754 1162 2815 Romani
1182 2756 1315 2817 culminis

129 2857 228 2914 abesse
254 2855 381 2921 voluerit,
396 2846 560 2931 dignitatem
581 2862 609 2910 et
629 2855 820 2925 auctoritatem
840 2840 979 2910 cathedre
1000 2852 1077 2910 Petri
1097 2855 1193 2912 verbis
1213 2855 1317 2913 extulit

129 2953 324 3028 amplissimis.
366 2942 416 3013 Sic
436 2949 592 3009 Damasum
613 2949 759 3024 alloquens
777 2932 836 3007 ¹ait:
864 2948 1026 3007 “Facessat
1045 2950 1168 3009 invidia:
1191 2951 1314 3010 Romani

131 3042 264 3105 culminis
278 3046 392 3103 recedat
405 3047 538 3103 ambitio:
562 3064 627 3104 cum
650 3064 814 3105 successore
829 3044 997 3123 piscatoris,
1017 3056 1046 3103 et
1065 3028 1209 3124 discipulo
1222 3049 1313 3107 crucis

103 3159 107 3181 ²
129 3144 241 3216 loquor.
275 3136 349 3218 ¹Ego
363 3142 472 3200 nullum
492 3142 616 3248 primum
636 3142 692 3199 uisi
706 3141 854 3200 Christum
868 3160 1001 3215 sequens,
1016 3143 1183 3203 beatitudini
1204 3138 1272 3213 tu'e,
1287 3142 1312 3205 id

131 3251 184 3310 est,
199 3237 339 3299 cathedre
353 3237 431 3296 Petri
442 3236 642 3305 communione
656 3239 822 3295 consocior.
837 3256 922 3315 supra
931 3237 1007 3297 illam
1021 3249 1129 3316 petram
1142 3239 1315 3301 edificatam

127 3335 289 3399 Ecclesiam
304 3335 376 3393 scin.
399 3336 415 3370 ¹*
435 3337 451 3371 ⁴
472 3333 652 3406 Quicumque
673 3344 766 3419 tecum
787 3352 845 3392 non
865 3333 981 3412 colligit,
996 3336 1112 3413 spargit,
1123 3332 1210 3394 hoc
1193 3348 1252 3410 est,
1269 3337 1319 3413 qui

128 3434 239 3494 Christi
253 3452 310 3492 non
324 3442 377 3501 est,
392 3428 557 3493 ¹tlutichristi
571 3442 623 3489 est.
627 3430 662 3465 ”⁴
724 3458 727 3463 ·

174 3531 241 3613 Obj.
257 3535 285 3590 b.
306 3528 485 3589 Universalis
499 3528 640 3605 Episcopi
655 3548 761 3605 nomen
773 3539 917 3602 tamquam
929 3531 1049 3606 impium
1063 3531 1161 3606 rejecit
1174 3541 1205 3591 et
1221 3550 1327 3611 repro·

129 3628 260 3686 bavit'S.
286 3626 443 3717 Gregorius
467 3625 513 3695 Μ.
537 3625 648 3685 Joanue
675 3626 837 3703 Jejunatore
862 3625 1014 3718 cpolitano
1042 3627 1217 3697 Patriarcha,
1245 3629 1321 3689 illud

131 3734 310 3807 assumente:
326 3712 402 3800 quod
416 3735 510 3785 tamen
524 3724 652 3784 Phocae
645 3725 832 3821 imperatoris
836 3725 996 3782 auctoritate
1011 3723 1146 3881 deinceps
1160 3737 1220 3784 est.
1218 3726 1326 3805 Epis

130 3841 204 3900 copo
219 3822 348 3882 Romano
362 3823 505 3882 tributum.

169 3919 259 3999 Reap.
280 3919 351 3979 Ideo
371 3922 530 3998 reprobavit
554 3896 688 3980 Pontifex
713 3922 826 4015 titulum
851 3922 942 3993 illum,
966 3922 1042 3997 quod
1066 3940 1131 3982 enm
1156 3914 1325 4001 patriarche

134 4019 303 4113 Cpolitanus
325 4029 473 4097 usurparet
495 4019 654 4087 ambitiose,
670 4032 775 4081 etcum
802 4021 983 4101 Collegarum
1008 4042 1060 4115 per
1082 4023 1212 4082 orbem
1203 4025 1321 4102 injuria,

132 4104 295 4194 Episcopus
309 4116 417 4174 scilicet
430 4116 505 4174 illius
524 4115 617 4184 Sedis,
633 4134 669 4176 ex
683 4119 751 4176 urbe
766 4119 840 4178 Sede
857 4112 979 4197 imperii,
995 4106 1212 4197 amplitudinem
1227 4140 1320 4195 quau·
1341 4151 1346 4159 ·

131 4213 197 4272 darn
211 4211 265 4269 sibi
280 4210 407 4270 studebat
420 4231 592 4290 comparare,
606 4225 635 4271 st
653 4214 733 4273 titulo
752 4215 876 4274 decorari
897 4218 986 4294 petiit,
1001 4235 1086 4289 quem
1104 4234 1190 4276 nemo
1213 4230 1318 4295 preter

133 4313 296 4374 Romanum
318 4309 495 4386 Episcopum
509 4310 599 4388 potuit
613 4312 752 4380 ullatenus
764 4314 819 4371 sibi
832 4315 984 4374 vindicare.
1029 4315 1075 4374 Eo
1089 4314 1208 4374 nomine
1221 4330 1320 4395 patres

259 4495 295 4571 (l)
313 4505 359 4571 Ep.
370 4506 409 4557 ut.
882 4508 920 4571 (3)
928 4500 1016 4575 'Epist
1027 4506 1058 4558 ud
1069 4502 1217 4576 Evagrimn.

259 4592 296 4666 (2)
312 4592 438 4645 Arnobius
449 4591 474 4642 iu
485 4591 567 4645 tinem.
584 4594 624 4646 Pe
637 4595 751 4648 cxxxviii.
883 4595 920 4656 (4)
937 4593 983 4660 Ep.
995 4594 1026 4644 sd
1038 4593 1186 4646 Damasum.
