2738 5032
42 204 45 209 ’
100 234 159 297 ιιι
411 229 467 291 ιιι
488 228 715 292 ιιιιιιιιιιι
737 230 981 295 nocentum.

97 392 319 471 profligatorum,
332 410 365 451 ac
377 391 408 449 in
423 390 521 468 primis
537 390 657 463 Ariane,
671 390 829 468 tropheum
839 392 968 453 habenda
981 397 1048 451 est.¹
1088 401 1109 430 ‘⁶
1120 391 1214 452 Nefas
1234 400 1285 451 est

99 490 250 565 quicquam
265 491 337 549 ultra
350 490 500 547 Nicaenum
515 489 666 547 concilium
681 490 870 563 requirere.'’¹
915 492 982 569 lpse
999 491 1203 575 celeberrimus
1225 490 1289 549 An·

99 588 225 667 glioanns
253 588 416 665 Episcopus
438 587 502 644 Bull
530 589 645 663 agnovit
669 586 831 647 Concilium
859 590 1011 649 Nicaenum
1035 590 1064 647 vi
1084 587 1196 667 Christi
1216 607 1288 665 pro·

97 686 243 769 missionis
264 706 295 744 se
313 685 462 763 Apostolis
484 703 598 761 semper
621 684 791 754 adfuturum,
813 689 847 745 ab
867 687 979 745 errandi
998 685 1135 763 periculo,
1149 686 1182 744 in
1202 694 1286 745 tanto

96 781 228 861 dogmate
253 783 413 843 definiendo
437 802 502 841 esse
526 784 677 849 immune,8
698 783 774 857 quod
792 794 821 842 et
840 783 875 843 de
896 785 1028 843 omnibus
1050 783 1192 843 Conciliis
1213 802 1290 842 vere.

97 882 297 941 OEcumenicis
311 883 431 941 affirmat
443 882 514 940 alius
535 882 663 958 Scriptor
682 883 857 959 Anglicnnus
868 883 1022 960 Saywell.⁴
1061 882 1283 940 Turbae-autem

96 994 160 1053 que
174 990 239 1056 post
251 980 334 1037 latam
346 979 540 1038 definitionem
555 979 685 1038 excitatae
699 991 766 1038 sunt
778 999 795 1037 a
808 980 964 1039 veterrimis
984 980 1086 1037 erroris
1107 978 1285 1048 fautoribus,

96 1086 261 1153 argumento
281 1095 338 1134 non
359 1086 425 1133 sunt
445 1076 616 1153 principium
630 1075 665 1133 de
686 1075 883 1135 Conciliorum
902 1094 954 1135 seu
974 1075 1115 1135 Ecclesiae
1136 1073 1286 1137 infallibili

96 1173 260 1231 auctoritate
273 1191 331 1230 non
351 1171 439 1229 luisse
459 1180 541 1229 antea
554 1172 690 1247 agnitum,
705 1172 836 1235 homiues
850 1174 926 1231 enim
947 1171 1038 1230 semel
1057 1188 1151 1241 errore
1173 1170 1284 1229 imbuti

94 1269 246 1347 principia,
260 1287 324 1343 quas
338 1269 417 1345 prius
431 1258 611 1326 sanctissima
628 1278 657 1327 et
671 1269 828 1328 certissima
844 1268 1010 1336 habueruut,
1025 1267 1107 1327 facile
1128 1266 1290 1345 negligunt·

95 1382 129 1423 ac
143 1363 285 1424 deserunt.
740 1380 743 1385 ·

60 1468 65 1525 l
137 1461 203 1541 osj.
218 1466 247 1521 4.
273 1463 304 1520 S.
331 1462 486 1540 Gregorius
512 1463 715 1522 Nazianzenus
736 1461 771 1521 ed
796 1463 961 1523 Concilium
988 1450 1123 1522 inritatus
1148 1462 1284 1524 animum

94 1572 179 1625 suurn
192 1559 235 1616 sic
248 1558 377 1635 aperuit:
401 1567 420 1596 ‘⁶
432 1558 497 1619 Huc
511 1560 606 1618 animo
620 1578 683 1618 sum
697 1571 729 1618 ut
741 1578 857 1619 omnem
877 1558 1089 1637 Episcoporum
1103 1570 1284 1621 conventum

93 1654 218 1732 fugiam:
240 1654 373 1727 qnoniam
388 1656 493 1713 nullius
507 1654 631 1733 Concilii
644 1657 731 1715 finem
751 1656 847 1715 letum
858 1667 890 1715 et
909 1657 1031 1715 faustum
1046 1654 1116 1724 uidi,
1129 1673 1188 1715 nec
1201 1657 1284 1731 quod

94 1749 290 1829 depulsionem
300 1752 436 1811 malorum
448 1754 542 1830 potius
554 1770 638 1826 quam
648 1754 840 1812 accessionem
847 1764 877 1811 et
885 1754 1089 1819 incrementum
1100 1752 1286 1813 ιιιι)ιιιιι·ιι.”ὅ

124 1847 222 1926 -Reep
244 1850 313 1910 Non
326 1850 391 1909 ideo
405 1850 526 1908 Sanctus
540 1851 587 1909 ille
601 1850 700 1909 doctor
711 1849 836 1911 Consilii
851 1850 1035 1909 OEcumenioi
1050 1850 1081 1909 ιιι
1093 1849 1164 1908 fidei
1178 1849 1283 1915 defini,-

96 1945 173 2007 tione
188 1950 380 2007 auctoritatem
401 1968 520 2026 negasse
535 1948 693 2033 censendus
707 1957 760 2019 est,
774 1947 851 2022 quud
869 1967 960 2009 senex
976 1949 1048 2026 jam,
1063 1956 1092 2011 et
1110 1948 1142 2007 in
1158 1966 1283 2009 secessu

92 2044 210 2125 degens,
225 2047 315 2105 noluit
328 2066 393 2105 sese
406 2048 490 2104 rebus
504 2044 634 2122 gerendis
648 2046 749 2104 iterum
763 2047 934 2115 immiscere,
948 2046 995 2105 vel
1008 2045 1132 2129 comitiis
1153 2044 1283 2125 Episco·

92 2160 193 2221 porum
218 2145 364 2203 interesse.
412 2145 581 2202 Asianorum
603 2154 671 2214 erte,
692 2146 864 2222 Imperatore
892 2146 1013 2213 favente,
1035 2144 1141 2207 facum
1164 2154 1229 2204 erat
1248 2155 1283 2206 nt

92 2240 220 2317 plerique
238 2250 394 2299 conventus
415 2241 556 2300 infelicem
575 2241 712 2300 haberent
724 2243 842 2309 exitum,
863 2242 1019 2319 Episcopis
1041 2240 1157 2299 Arianis
1177 2239 1284 2301 dolum

91 2337 214 2412 vimque·
221 2336 428 2397 adhibentibus.
469 2339 503 2397 ln
516 2339 581 2416 ipso
595 2338 911 2416 Constantinopolitano
927 2337 1070 2407 Concilio,
1085 2338 1115 2396 in
1129 2355 1188 2411 qno
1200 2357 1284 2398 error

92 2432 257 2517 Macedopii
277 2435 450 2509 proscriptus
463 2445 531 2502 erat,
548 2434 733 2507 quorumdam
755 2436 965 2512 Episcopomur
987 2434 1095 2493 invidia
1117 2433 1281 2511 Gregorius

92 2528 127 2589 od
141 2544 206 2609 sepe
218 2528 357 2586 Ecclesiae
372 2529 693 2606 Constantinopolitanae
708 2533 844 2608 tegimine
856 2531 1044 2595 abdicandum
1054 2530 1190 2597 adductus
1202 2541 1279 2591 erat.

92 2624 197 2685 Merito
214 2625 300 2702 igitur
315 2625 405 2684 noluit
418 2626 507 2684 otium
527 2636 655 2685 sanctum
676 2627 816 2697 deserere,
830 2628 989 2702 iterumque
1005 2646 1038 2687 se
1053 2644 1147 2707 rerum
1164 2625 1274 2704 pelago

91 2724 276 2783 committere.
318 2722 460 2783 Ceterum
480 2726 534 2783 etsi
548 2735 710 2799 quereretur
729 2726 765 2785 de
778 2728 906 2786 conciliis
927 2728 958 2785 in
971 2728 1075 2801 quibus
1088 2724 1276 2804 prevaluerat
1300 2754 1303 2759 ·

88 2820 258 2879 Arianorum
272 2820 357 2889 fraus,
369 2832 398 2881 et
411 2840 474 2895 quae
484 2822 551 2880 alias
561 2823 623 2900 ipse
633 2842 734 2900 pessus
749 2834 808 2882 erat
818 2843 891 2902 egre
901 2824 994 2891 ferret,
1007 2824 1123 2901 ognovit
1133 2814 1274 2882 Nicaeae

91 2918 203 2996 Synudi
214 2919 406 2978 inviolabilem
417 2920 627 2979 auctoritatem:
650 2930 669 2959 “
679 2922 806 2980 Nicaenae
820 2922 932 2999 Synodi
940 2930 1087 2979 tractatum
1096 2908 1279 2979 omnianimi
1321 2941 1324 2945 ·

90 3013 156 3072 nisu
169 3032 210 3072 cx⁴
220 3024 277 3071 tcta
290 3014 346 3073 fide
360 3026 503 3074 servantes
518 3015 722 3093 amplectimur,
737 3019 813 3077 hunc
826 3020 903 3078 enim
918 3013 1063 3077 tractatum
1076 3017 1186 3077 scimus
1207 3012 1281 3077 con·

89 3125 132 3177 tra
145 3128 244 3169 omnes
258 3111 381 3199 hereses
396 3114 500 3171 invicta
512 3117 629 3173 veritate
643 3117 871 3192 oppositum.'’⁰.
892 3114 1084 3177 Definitiones
1104 3114 1193 3193 igitur
1205 3114 1279 3177 fidei

89 3214 120 3266 et
131 3224 184 3266 nos
199 3225 374 3276 veneramur,
389 3219 486 3284 utpote
501 3210 609 3286 Spiritu
624 3212 729 3270 Sancto
740 3212 895 3273 illustrante
903 3211 1010 3283 edites,
1025 3230 1088 3286 ques
1096 3210 1278 3291 alnonnnllis
1348 3210 1356 3221 '

82 3305 244 3384 ‚Episcopis
258 3302 398 3374 dicuntur,
413 3306 456 3364 vel
471 3317 614 3384 geruntur,
629 3309 659 3367 in
673 3311 778 3369 sanctis
793 3311 849 3423 illis
863 3311 998 3379 comitiis,
1007 3315 1066 3389 non
1076 3309 1177 3427 eadem
1185 3328 1278 3373 vene·

87 3403 195 3461 rstione
210 3412 424 3479 prosequentes.
496 3406 500 3417 “
1220 3424 1223 3429 ·

131 3497 197 3577 oej.
213 3504 241 3557 5.
257 3498 381 3558 Concilii
395 3499 751 3578 Constantinopolitauill.
764 3490 912 3563 auctoritas
926 3420 1278 3582 perannosplurimosin

87 3594 252 3655 Occidentis
262 3599 404 3656 nonnullis
413 3618 566 3676 provrncus
574 3601 677 3678 rejecta
686 3612 738 3660 est.
774 3572 936 3661 Concilium
946 3602 1098 3663 Nreaenum
1108 3603 1152 3663 ιι
1158 3603 1277 3693 etieme

13 3740 16 3745 .
88 3690 333 3753 Francolordiensi
347 3696 489 3765 Concilio,
504 3699 688 3774 presentibus
702 3699 801 3776 legatis
822 3700 991 3768 Pontificiis,
1005 3709 1050 3758 est
1069 3700 1154 3777 plene
1175 3720 1277 3781 repro·

88 3789 195 3858 batum,
210 3803 307 3869 utpote
327 3795 482 3873 imaginum
497 3797 602 3855 cultum
623 3784 777 3857 indebitum
798 3790 939 3858 sanciens.
980 3799 1147 3859 Concilium
1166 3801 1276 3861 Arimi·

88 3906 187 3959 nense,
202 3891 357 3972 Episcopis
372 3896 508 3955 Nicaeuos
529 3915 648 3955 numeru
669 3897 753 3975 longe
776 3899 984 3976 superantibus,
1005 3916 1122 3976 prorsus
1147 3918 1275 3971 errasse,

217 4119 253 4183 (1)
270 4120 437 4175 Aeantion.
485 4110 488 4117 '

217 4204 253 4266 (2)
263 4204 365 4256 Ibidem.
384 4230 388 4235 ¹

216 4288 252 4350 (3)
265 4289 311 4337 Sec
323 4290 364 4338 life
375 4292 405 4340 of
417 4293 460 4342 Dr.
470 4293 535 4343 John
547 4296 611 4356 Bull,
624 4315 646 4361 p.
656 4297 711 4346 236.
730 4297 775 4346 Ed.
786 4297 887 4358 Oxford,
897 4297 964 4348 1816.

216 4373 251 4431 (4)
263 4371 369 4438 Suywell
381 4375 406 4422 in
417 4377 482 4438 proef.
491 4378 521 4426 ud
532 4380 589 4427 edic
602 4379 684 4444 Epist.
690 4380 803 4440 Lanuuii,
812 4381 980 4447 Contubrigiae
987 4396 1026 4432 un.
1039 4381 1108 4431 1689.

161 4492 164 4498 .
216 4458 252 4516 (5)
264 4456 288 4503 S.
300 4456 374 4520 Grcg.
391 4458 449 4506 Nur..
462 4477 498 4524 op.
510 4464 541 4510 55
553 4465 582 4511 ad
594 4464 748 4528 Procopium.

215 4541 251 4603 (G)
263 4541 288 4588 S.
299 4541 373 4606 Grcg.
386 4543 446 4591 an.
458 4547 526 4595 Ornt.
538 4548 575 4595 32.
