2738 5032
337 248 395 313 us
415 234 774 317 arosuourcrusre
791 240 1022 325 ecouusnn.
1069 244 1101 309 *s
1207 262 1270 321 aer.

87 405 118 469 in
143 407 224 467 omni
249 407 381 473 Ecclesia
404 409 484 471 adest
505 402 676 489 perspicere,
700 413 832 473 omnibus
857 416 907 488 qui
928 432 995 485 vera
1015 413 1268 491 vellrt'·audire.”²

86 503 221 563 “Tanto
236 505 325 583 igitur
338 506 537 585 (ostensionis)
551 526 639 582 quum
660 509 719 568 sint
735 510 807 577 hec,
822 528 882 569 non
900 502 1012 593 ὁμυῑ
1030 510 1124 573 adhuc
1142 532 1267 589 querere

88 599 166 677 epud
177 601 250 663 elios
271 603 425 673 veritatem,
440 623 525 678 quam
544 605 626 663 lecilc
645 615 690 663 est
702 605 736 663 ab
752 605 887 665 Ecclesia
903 606 1026 678 mn,
1040 627 1105 669 cum
1127 610 1267 687 Apostoli,

91 699 175 772 quasi
186 700 220 759 in
232 698 436 778 depositorium
449 701 539 770 dives,
554 702 719 779 plenissime
733 703 764 761 iu
777 721 840 762 cem
853 704 1020 765 conulerim
1029 706 1126 766 omniu
1138 725 1200 781 qne
1211 707 1269 769 siut

85 796 225 865 ·veritrtis,
250 798 291 857 uti
315 798 409 861 omnis
431 799 603 871 quicumque
624 798 702 867 velit,
721 809 814 858 sumat
837 817 874 860 ex
897 819 932 859 es
952 811 1049 879 potum
1070 803 1145 863 vite.
1194 802 1268 865 Heu

86 903 132 951 est
145 893 224 954 enim
238 897 301 953 vite
315 894 456 963 mucius,
469 913 571 957 omues.
584 904 678 955 autem
691 894 793 969 reliqui
806 896 882 955 fures
895 907 998 957 suntet
1010 898 1142 968 latrones,
1154 909 1269 978 propter

88 989 166 1064 quod
178 1000 290 1068 oportet
302 991 424 1051 devitare
439 991 554 1066 quidem
569 992 652 1050 illos:
669 1011 732 1066 que
746 1003 838 1051 autem
851 1004 917 1054 sunt
930 994 1069 1054 Ecclesiae
1081 1014 1146 1055 cum
1156 1014 1269 1057 summe

87 1086 238 1166 diligentia
248 1087 376 1167 diligere,
389 1099 419 1149 et
431 1088 642 1166 apprehendere
653 1089 779 1150 veritatis
791 1089 979 1151 traditionem.
1020 1092 1097 1159 Quid
1110 1093 1208 1153 enimi
1228 1094 1269 1153 Et

85 1185 231 1261 siquibus
245 1185 280 1244 de
294 1186 389 1262 alique
400 1186 514 1247 modica
526 1187 682 1259 questione
696 1186 862 1264 disceptatio
875 1200 962 1259 esset,
977 1208 1071 1249 nonne
1084 1200 1226 1268 oporteret
1237 1190 1269 1251 in

86 1282 301 1357 antiquissimas
313 1301 455 1343 recurrere
469 1282 613 1343 Ecclesiae
627 1284 657 1343 in
671 1284 772 1357 quibus
789 1286 921 1362 Apostoli
933 1287 1092 1346 conversati
1104 1296 1181 1355 sunt,
1195 1294 1225 1346 et
1233 1287 1269 1347 ab

87 1381 129 1439 sis
152 1379 188 1438 de
210 1381 343 1459 presenti
360 1379 521 1454 questione
541 1398 655 1441 sumere
677 1380 756 1454 quod
773 1392 892 1452 certum,
910 1392 940 1443 et
958 1402 989 1445 re
1008 1382 1150 1457 liquidum
1169 1381 1271 1442 eeti”⁸

88 1475 276 1539 ¹Hac-ratione
298 1478 439 1539 heresum
452 1476 591 1537 novitates
604 1496 642 1536 ex
655 1476 711 1535 fide
725 1478 851 1555 gendum
864 1480 1053 1549 barbararum,
1068 1498 1132 1555 que
1145 1480 1208 1539 sine
1222 1480 1268 1539 lit·

58 1638 67 1648 ,
88 1577 157 1637 teris
169 1577 201 1636 in
215 1576 363 1637 Christusne
383 1575 565 1637 crediderunt
582 1574 750 1637 relellendas
769 1595 833 1635 esse
852 1577 955 1639 docet:
977 1589 997 1617 ‘⁴
1007 1580 1090 1639 Hanc
1109 1578 1197 1640 tidem
1215 1579 1266 1655 qui

87 1675 151 1733 sine
172 1674 273 1735 litteris
293 1672 482 1742 crediderunt,
497 1682 638 1748 qnantum
657 1671 694 1747 ad
713 1690 874 1733 sermonem
894 1682 1032 1743 nostrum,
1056 1675 1165 1735 barbari
1184 1684 1266 1735 sunt:

87 1778 226 1846 quantum
247 1770 284 1829 ad
304 1772 484 1845 moenium,
507 1781 537 1831 et
558 1769 804 1839 comuetudinem,
828 1779 857 1829 et
877 1772 1131 1841 conversationem,
1153 1782 1269 1850 propter

92 1868 189 1939 fidem,
204 1887 258 1946 per
268 1887 353 1942 quam
367 1869 571 1947 sapientissImi
584 1876 660 1936 sunt,
674 1878 703 1926 et
722 1866 835 1943 placent
847 1865 922 1935 Deo,
936 1856 1179 1927 convemanus'in
1191 1868 1270 1927 omni

87 1964 206 2041 justitia,
220 1974 249 2022 et
261 1965 398 2032 mutate,
413 1972 442 2025 et
460 1964 608 2042 sapientia.
639 1963 761 2031 Quibus
776 1962 802 2021 si
816 1962 919 2036 aliquis
932 1961 1142 2021 annunciaverit
1154 1981 1189 2020 ee
1207 1982 1270 2036 quar

93 2063 127 2121 ab
149 2061 290 2121 hereticis
313 2059 464 2145 adinventa
482 2071 557 2130 sunt,
578 2061 693 2137 proprio
712 2078 843 2119 sermone
863 2077 961 2120 eorum
980 2060 1156 2133 colloquens,
1176 2061 1271 2119 statim

84 2156 293 2221 ¹concludentes
312 2174 406 2224 auree,
418 2156 505 2234 longo
523 2157 638 2233 longius
657 2156 775 2233 fugient,
789 2174 825 2215 ne
846 2156 941 2215 audire
961 2156 1076 2230 quidem
1097 2157 1269 2228 sustinentes

80 2253 291 2331 --blasphemnm
304 2252 489 2326 colloquium.
517 2252 567 2311 Sic
581 2269 631 2329 per
644 2251 722 2310 illam
732 2261 856 2310 veterem
867 2253 1068 2329 Apostolorum
1082 2252 1270 2324 traditionem,

83 2372 124 2413 ue
139 2354 171 2411 in
185 2352 399 2428 conceptionem
414 2349 532 2424 quidem
544 2348 649 2409 mentis
663 2347 812 2421 admittunt
831 2348 1030 2423 quodcumque
1043 2368 1142 2410 eorum
1162 2361 1273 2435 porten-

88 2453 241 2527 tiloquium
256 2462 317 2513 estr
339 2447 500 2522 nequedum
514 2448 593 2507 enim
606 2447 786 2524 congregatio
807 2447 859 2505 luit
872 2446 946 2524 apud
967 2466 1027 2516 eos,
1042 2467 1134 2523 neque
1148 2448 1273 2509 doctrina

91 2552 229 2611 instituta.
271 2547 542 2630 Ante-Valentinum
555 2546 633 2605 enim
644 2564 702 2605 non
716 2545 838 2615 fuerunt,
849 2546 973 2620 quisunt
983 2565 999 2603 e
1010 2546 1171 2616 Valentino,
1181 2566 1273 2621 neque

83 2647 358 2709 entc'Marcioncm·
373 2654 461 2711 erant,
476 2646 526 2719 qui
545 2653 613 2703 sunt
625 2664 643 2702 e
656 2642 849 2703 Marcione.”⁸
889 2653 909 2680 ‘¹
920 2643 1085 2703 Treditione
1105 2646 1190 2720 igitur
1209 2650 1272 2718 que

87 2755 134 2806 eet
146 2745 182 2804 ab
202 2722 416 2820 Apostolis,·sic'
435 2757 467 2798 se
487 2740 657 2800 habente-in
676 2739 817 2830 Ecclesia,
832 2748 861 2795 et
880 2747 1060 2814 permanente
1075 2738 1149 2814 apud
1169 2738 1274 2807 uos,’'·⁴

89 2841 185 2921 pergit
198 2839 407 2915 Scripturarum
421 2835 508 2893 etiarn
521 2833 685 2893 testimonia
699 2832 848 2890 adducere.

104 2984 109 2991 .
133 2936 200 2995 Hoc
213 2941 410 3012 argumentum
424 2930 556 3008 preclare
570 2926 663 2987 versat
676 2928 878 3003 Tertullianus,
893 2928 924 2987 iu
935 2927 1117 3001 celeberrimo
1131 2949 1217 3008 opere
1238 2930 1273 2989 de

84 3030 351 3112 ‚prescripticuibus
366 3028 500 3087 adversus
513 3024 679 3085 hereticus:
700 3042 754 3083 nec
768 3023 845 3103 enim
858 3041 896 3082 ex
909 3025 1060 3102 Scripturie
1074 3026 1274 3105 Apostolorum

81 3129 250 3190 ,doctrinam
264 3124 436 3205 probandam
450 3124 520 3193 vult,
535 3122 624 3198 quum¹
636 3141 684 3181 aas
701 3121 826 3181 heretici
846 3120 994 3199 ingeniose
1013 3122 1203 3199 detorqueant,
1225 3126 1277 3185 sed

92 3247 135 3289 ex
147 3226 260 3307 publice
275 3223 471 3284 Ecclesiamm
491 3221 557 3280 fide.
593 3220 706 3293 “Quid
728 3229 821 3279 autern
843 3220 1063 3297 praedicaverint,
1083 3223 1113 3280 id
1133 3233 1186 3293 est,
1207 3221 1276 3296 quid

81 3322 153 3385 ¹illie'
166 3312 299 3383 Christus
313 3319 485 3388 revelaverit,
500 3327 529 3376 et
542 3317 589 3376 hic
600 3317 779 3394 praescribam
792 3335 851 3375 non
870 3316 950 3374 aliter
969 3316 1080 3392 probari
1094 3316 1204 3386 debere,
1219 3318 1276 3375 uisi

93 3404 273 3503 posmodum
287 3419 444 3494 Ecclesiae,
456 3435 527 3490 quas
540 3416 597 3492 ipsi
610 3415 741 3492 Apostoli
754 3411 947 3481 condiderunt,
962 3413 1018 3490 ipsi
1031 3414 1074 3471 cis
1088 3413 1275 3492 praedicando,

95 3522 241 3590 tsmviva,
256 3518 333 3593 quod
353 3517 441 3584 aiunt,
455 3532 536 3582 voce,
551 3530 635 3587 quam
656 3509 858 3588 per‘epistolas
879 3522 987 3587 postea.
1027 3511 1060 3568 st
1074 3512 1136 3570 haec
1149 3513 1188 3570 ita
1200 3524 1275 3582 sunt,

95 3618 207 3680 constat
232 3614 351 3694 pmiude
371 3631 485 3673 ornnem
506 3609 671 3676 doctrinam,
693 3626 755 3680 quer
779 3626 844 3669 eum
868 3606 925 3664 illis
945 3606 1085 3665 Ecclesiis
1106 3610 1276 3686 Apostolicis

84 3718 256 3779 matricibus
276 3712 507 3791 etoriginalibus
521 3708 596 3767 ,fidei
609 3706 762 3782 conspiret,
777 3705 885 3763 veritati
899 3704 1097 3781 deputandam,
1112 3708 1173 3766 sine
1190 3709 1276 3791 dubio

81 3828 233 3879 -teuentcm
245 3813 322 3889 quod
335 3812 474 3872 Ecclesiae
488 3809 522 3866 ab
537 3805 693 3885 Apostolis,
708 3803 838 3880 Apostoli
852 3822 869 3860 a
882 3802 1010 3871 Christo,
1033 3803 1164 3864 Christus
1179 3828 1196 3866 e
1210 3808 1275 3868 Deo

82 3915 222 3992 aceepit:
244 3928 360 3970 omnem
373 3926 440 3967 vero
453 3902 657 3969 doctrinamde
675 3899 821 3959 mendacio
843 3899 1088 3977 prejudicandam‚
1106 3923 1168 3978 quae
1187 3906 1278 3983 sapiat

94 4024 192 4073 sonna
205 4011 352 4069 veritatem
365 4006 569 4070 Ecclesiarum,
584 4011 613 4059 ct
625 4000 842 4078 Apostolorum,
851 4008 880 4057 et
894 3999 1012 4063 Christi,
1025 4010 1055 4059 et
1071 4001 1173 4062 Dei.”⁵
1194 4005 1276 4082 “Age

97 4131 184 4180 nunc,
199 4125 299 4170 ornnes
313 4103 483 4163 erraverint:
498 4100 632 4177 deceptus
648 4099 685 4155 sit
697 4107 725 4155 et
737 4094 890 4174 Apostolus
902 4096 937 4154 de
951 4098 1111 4158 testimonio
1125 4101 1275 4160 reddendo:

96 4211 203 4270 nullam
217 4203 376 4283 respexerit
389 4200 511 4278 Spiritus
527 4199 657 4264 Sanctus,
672 4197 713 4254 uti
728 4214 792 4257 earn
801 4196 832 4253 in
845 4195 988 4254 veritatem
1003 4195 1160 4270 deduceret,
1175 4199 1277 4269 adhoc

259 4415 297 4475 (1)
314 4428 335 4463 c.
346 4411 370 4461 3.
725 4403 762 4467 (l)
779 4420 801 4454 c.
811 4404 834 4453 5.
845 4420 867 4468 p.
877 4403 932 4454 245.

259 4496 296 4558 (2)
314 4494 369 4545 ult
726 4487 1006 4559 §ml-,deprandi
1017 4489 1109 4556 ptest

261 4560 297 4642 (a)
314 4580 351 4629 in.
843 4606 846 4611 .
1085 4592 1088 4597 ·

215 4667 290 4725 Vos.
301 4664 415 4723 ’1.-30
