2738 5032
85 303 105 358 ι)
489 299 545 359 DE
568 296 878 365 MYSTERIORUM

85 476 142 531 qua
155 476 200 516 res
214 459 334 520 obscura
346 468 451 527 manet,
463 459 522 516 vim
532 457 691 515 intellectus
701 471 848 534 superans,
857 457 1026 534 mysterium
1037 454 1149 523 dicitur,
1160 454 1277 529 fideque

81 562 200 623 tenetur,
214 574 250 614 eo
264 559 340 630 quod
359 557 395 615 de
408 554 577 617 revelatione
596 548 668 611 faeta
680 564 757 610 certo
778 563 898 612 constet.
938 553 988 611 Sic
1002 562 1058 610 tres
1072 571 1136 610 esse
1155 553 1188 611 iu
1208 551 1275 611 Deo

83 667 219 726 personas
233 654 386 712 revelatum
400 662 460 710 est:
476 649 618 723 quomodo
632 660 725 708 autern
739 659 795 707 tres
808 653 940 726 personae'
951 649 1050 721 inune
1063 648 1159 707 divina
1172 660 1273 724 natura

86 747 145 805 siut
156 767 242 809 nemo
253 751 327 809 valet
339 750 505 827 intelligere,
520 747 641 820 ideoque
652 749 820 825 mysterium
834 756 938 816 manet,
948 746 1024 823 quod
1033 748 1071 805 ob
1083 747 1139 805 Dei
1148 747 1278 805 testantis

86 847 279 907 auctoritatem
300 849 384 938 plena
396 847 452 906 fide
467 855 606 909 tenetur.
626 845 677 903 Sic
688 845 816 911 videntes
831 845 916 903 coecis
930 845 1011 903 naus
1021 844 1139 905 luminis
1158 844 1284 923 phreno-

85 958 170 998 mena
183 944 379 1004 annuntiantes
394 942 575 1008 carevelent,
590 941 659 1012 quin
673 941 761 1016 plene
770 928 1015 1017 intelligantur·
1038 964 1041 970 ¹
1146 998 1149 1003 .

126 1036 193 1112 011.
208 1042 238 1096 2.
260 1039 316 1098 Vel
326 1059 371 1104 res
385 1038 525 1098 credenda
534 1030 714 1113 mtellrgrtur
719 1038 765 1096 vel
776 1057 832 1096 non
847 1026 1021 1113 intelligitur.
1056 1036 1089 1095 St
1100 1037 1276 1115 mtellrgrtur,

82 1132 144 1208 jem
168 1152 225 1192 non
247 1106 387 1206 creditur,
392 1137 512 1208 scientia
531 1135 608 1193 enim
629 1132 715 1192 fidem
734 1133 873 1193 excludit:
898 1135 924 1191 si
945 1151 1002 1192 nou
1022 1111 1202 1209 intelligatur,
1217 1154 1277 1194 non

86 1239 180 1306 potest
192 1230 476 1300 credinemoenim-
485 1231 574 1290 credit
587 1229 669 1304 quod.
678 1231 797 1306 ignorat.
841 1272 844 1279 ·

126 1325 217 1408 Resp.
239 1330 366 1414 Vocibus
380 1331 482 1389 ludunt
494 1329 544 1402 qui
559 1329 602 1386 sic
616 1337 852 1406 argumentantur.
874 1376 878 1383 .
893 1326 1061 1404 intelligitur
1071 1326 1186 1400 quidem
1205 1314 1278 1401 quid

84 1423 277 1485 credendum
270 1427 318 1495 sit,
332 1438 361 1486 et
375 1422 476 1502 quibus
490 1426 642 1485 momentis
656 1425 828 1483 revelatio
803 1443 865 1501 ejus
884 1425 1031 1500 probetur.
1049 1423 1100 1482 sed
1119 1423 1220 1485 intima
1232 1425 1275 1483 rei

84 1520 233 1599 credendes
248 1533 346 1582 natura
358 1543 417 1582 nnn
430 1523 501 1582 adeo
515 1520 592 1599 patet
604 1531 636 1579 ut
648 1521 715 1589 fidei
725 1540 783 1580 non
796 1522 834 1579 sit
845 1522 926 1588 locus

124 1617 193 1693 011.
198 1623 237 1676 3.
259 1619 339 1678 Deus
350 1641 411 1681 non
430 1630 523 1716 potest
542 1620 718 1701 impossibile
732 1619 903 1696 precipere.
925 1616 1102 1741 impossibile
1120 1626 1216 1677 autem
1228 1626 1275 1675 est

85 1713 258 1775 intellectum
272 1718 402 1775 assentiri
416 1717 457 1774 rei
475 1716 550 1775 haud
564 1716 737 1774 intellectae
1078 1763 1081 1768 .

14 1794 20 1805 ⁵
95 1811 216 1888 Reep.
238 1813 338 1892 Potest
356 1814 514 1889 intellectum
529 1810 661 1871 assentiri
681 1811 722 1868 rei
743 1810 862 1889 aliorum
883 1787 1056 1876 auctoritate
1063 1809 1190 1879 innixus,
1205 1809 1277 1882 quin

84 1907 148 1984 ipsa
167 1909 209 1967 rei
230 1909 333 1968 veritas
352 1919 454 1986 petest.
510 1906 560 1965 Sic
582 1907 760 1975 astronomis,
781 1906 901 1985 aliisque
923 1907 1102 1967 scientiarum
1122 1906 1277 1965 cultoribus

85 2004 289 2073 assentiuntur
295 2005 420 2080 plurimi,
434 2003 540 2079 quibus
558 2003 761 2083 principiorum
782 2020 844 2074 quae
865 2001 1023 2059 certissima
1042 1981 1155 2071 liabent,
1166 2003 1275 2060 ιιιιιιι

17 2139 20 2142 <
84 2101 202 2158 minime
216 2100 254 2156 sit
272 2111 438 2177 perspecta:
450 2100 531 2158 se'd
520 2118 584 2177 Jure
596 2109 716 2159 censent
733 2099 921 2177 peritissimos
936 2099 1011 2155 ιιιοε
1033 2098 1188 2156 nonfacile
1202 2099 1276 2157 affir-

84 2205 219 2265 maturos,
241 2196 387 2254 communi
411 2185 497 2254 veluti
516 2199 667 2264 consensu,
689 2195 751 2267 qu'ae
770 2194 840 2253 salsa
862 2189 929 2253 sint.
972 2195 1072 2253 Potest
1089 2195 1175 2272 igitur
1194 2196 1276 2254 Deus

83 2291 199 2376 exigere
211 2299 243 2349 ut
255 2291 343 2351 homo
355 2289 410 2353 sibi
424 2294 559 2369 revelanti
572 2293 658 2352 fidem
672 2290 812 2361 adhibeat,
824 2305 913 2367 eaque
927 2293 1085 2363 certissima
1094 2292 1197 2379 habeat
1210 2312 1274 2366 quoe

84 2386 182 2447 divine
191 2388 356 2465 auctoritate
366 2389 611 2449 commendentur.
675 2442 678 2447 .

124 2484 192 2561 011.
205 2489 236 2547 4.
257 2487 338 2547 Deus
361 2485 512 2570 revelando
536 2485 689 2547 videretur
686 2458 853 2564 agnoscere
878 2486 1016 2544 rationein
1042 2443 1126 2544 haud
1141 2461 1275 2563 sufficere

84 2582 196 2643 homini
209 2582 366 2663 dirigendo,
382 2603 437 2658 qua
450 2603 521 2647 eum
529 2582 648 2675 proinde
662 2584 764 2643 frustm
777 2578 909 2703 donauit,
916 2583 1043 2705 subsidio
1057 2584 1189 2660 ampliori
1202 2584 1276 2647 indi·
1278 2606 1281 2610 ⁴

83 2691 259 2773 gentem..
599 2706 601 2712 ·
715 2710 718 2717 ¹
823 2710 825 2715 r

125 2765 215 2859 Resp.
237 2779 322 2839 Ratio
343 2778 457 2848 sufficit,
475 2790 573 2838 natura
596 2780 704 2866 integre
725 2790 867 2847 manente,
883 2724 917 2837 'ad
941 2796 975 2838 ea
995 2778 1057 2853 quie
1079 2788 1145 2837 sunt
1164 2734 1273 2842 ordinis

84 2876 228 2944 naturalis,
238 2875 373 2957 ideoque
383 2886 504 2936 nonest
521 2877 792 2935 frustreconcessa.¹
824 2876 901 2939 Huic
921 2877 1058 2955 proeclaro
1076 2874 1162 2943 dono,
1178 2893 1236 2948 quo
1256 2896 1273 2933 a

84 2973 197 3037 ceteris
218 2973 406 3051 animantibus
423 2974 515 3032 *homo
535 2974 725 3051 distinguitur,
736 2964 868 3051 emplius
889 2973 1067 3036 revelationis
1087 2973 1190 3030 lumen·
1204 2972 1274 3050 adji-

35 3094 39 3100 ’
83 3066 196 3135 ιιιιιιιο,
212 3067 291 3149 Deus
306 3068 429 3127 ostendit
452 3071 588 3135 rationem
608 3070 683 3127 ha'ud
697 3071 830 3132 sufficere
846 3068 902 3128 illis
917 3069 1082 3131 veritatibus
1092 3067 1273 3145 detegendis,

85 3181 148 3236 quae
160 3182 248 3242 supra
265 3173 370 3227 naturae
385 3164 512 3224 ordinem
526 3177 601 3240 sunt.
643 3166 765 3224 Minime
780 3176 873 3227 autem
891 3150 1028 3242 repugnat
1046 3148 1168 3243 amplius
1182 3166 1273 3244 adJici

84 3259 244 3338 subsidium
253 3259 288 3343 ad
299 3261 427 3336 altiorem
440 3261 650 3346 assequendum
660 3262 758 3339 finem,
767 3272 798 3319 ut
817 3263 858 3320 sie
867 3262 963 3332 divina
977 3244 1171 3320 munificentia
1180 3263 1272 3339 magis

84 3357 232 3435 magisque
246 3359 370 3427 eluceat;
385 3359 492 3445 quippe
505 3359 536 3416 in
549 3358 753 3417 rebus-ordinis
762 3353 1001 3423 *naturalishomo
1015 3355 1122 3431 ratione
1135 3357 1274 3435 dirigitur,

82 3453 134 3511 sed
156 3455 345 3533 proestautioti
362 3455 470 3521 lumine
484 3455 670 3519 revelationis
683 3455 835 3545 illustretur
856 3450 889 3519 ut
906 3474 999 3533 rerum
1019 3454 1272 3539 supernaturalium

83 3550 140 3610 fide
155 3552 219 3611 Deo
233 3553 353 3613 fruendo
365 3553 415 3612 fiat
427 3548 577 3612 idoneus
847 3606 848 3611 ,
1260 3609 1262 3616 ,

126 3643 213 3725 011.
211 3655 239 3708 5.
261 3651 411 3736 Mysteria,
434 3650 584 3708 latentibus
606 3651 748 3725 omuibus,
764 3670 853 3726 supra
877 3651 1016 3709 rationem
1036 3609 1153 3718 suntet
1170 3661 1272 3712 eontra

84 3751 228 3811 rationem
247 3767 313 3806 esee
334 3749 489 3819 videntur;
499 3751 558 3808 imo
577 3730 673 3807 contra
685 3749 822 3808 rationem
841 3749 978 3821 habenda
988 3759 1064 3818 sunt,
1078 3738 1166 3823 quum
1184 3750 1272 3814 homo

85 3868 143 3908 non
157 3847 248 3904 valeat
261 3864 298 3903 ea
308 3845 409 3902 rationi
420 3818 579 3908 conciliare.
619 3846 721 3903 Ι)ιιιι
713 3847 798 3941 rgitur
807 3865 842 3906 ea
855 3845 1004 3923 revelando
1013 3847 1068 3907 sibi
1080 3844 1271 3906 contradicere

85 3927 236 4010 videretur,
251 3942 339 4014 quum
351 3943 464 4023 rationi,
480 3942 553 4019 ques
556 3945 614 4012 vox
627 3951 670 3998 est
684 3942 745 4036 ejus
760 3942 875 4011 intima,
883 3942 1073 4020 adversentur.
1150 4000 1153 4007 ,

125 4039 216 4115 Resp.
241 4037 393 4102 Distinctio
414 4036 462 4100 illa
481 4057 547 4097 non
560 4037 664 4121 temere
683 4032 730 4123 ιιι
746 4039 880 4119 instituta,
896 4024 1017 4116 plurime
1037 4036 1113 4099 enini
1132 4014 1271 4103 ιιιιοιιιιιι

86 4137 230 4216 superant,
245 4136 327 4208 eique
342 4134 483 4203 adversari
496 4132 636 4201 videntur,¹
647 4155 708 4207 quae
723 4146 816 4195 tamen
831 4147 897 4194 sunt
910 4134 1085 4195 certissima.
1119 4139 1284 4205 Quomodo

84 4235 162 4293 enim
171 4232 285 4309 spiritus
295 4231 439 4306 materiem
452 4230 595 4287 afficiat
555 4249 688 4308 ejusque
696 4235 886 4291 mutationum
894 4252 1008 4291 consola
1016 4233 1073 4301 fiat
1081 4244 1109 4292 et
1118 4237 1272 4333 particeps,

84 4332 155 4391 ratio
177 4349 235 4388 non
248 4328 322 4387 valet
341 4328 464 4404 penitius
479 4320 644 4405 intelligere,
656 4330 792 4413 quamvis
810 4331 910 4389 animae
930 4331 1112 4427 corporisque
1134 4346 1272 4391 commer-

86 4430 162 4488 cium
176 4427 213 4484 sit
232 4419 430 4484 certissimum.
471 4423 560 4501 Igitur
580 4444 642 4498 quae
660 4404 802 4483 adversari
821 4423 960 4509 videntur
971 4429 1081 4495 rationi,
1096 4448 1155 4487 non·
1174 4430 1270 4488 statim

79 4510 203 4586 aduersa
220 4510 349 4583 habenda
364 4523 448 4591 ‘sunt3
463 4521 561 4600 'sedes
574 4532 681 4581 tantum
690 4533 792 4586 ¹contra
803 4498 938 4584 rationem
953 4514 1068 4599 censere
1082 4537 1267 4604 oportetque

86 4611 235 4685 manifesto
254 4619 356 4679 rationi
375 4627 542 4696 repugnant.
584 4618 663 4676 Deus
688 4622 824 4696 mysteria
843 4621 994 4690 revelando
1016 4642 1073 4683 non
1098 4633 1191 4700 potest
1214 4625 1269 4683 sibi
