2738 5032
84 250 143 309 ⁸44
501 245 559 307 DE
579 242 848 307 montona.

85 422 178 483 adhuc
191 421 326 499 majorem
340 420 370 479 in
383 419 500 479 modum
512 420 687 490 confirmata,
699 439 752 498 psr
763 419 941 479 traditionem
954 416 1111 477 Gatlroliooe
1121 413 1265 476 Ecclesiae

86 520 143 579 Dei
166 538 183 577 a
205 518 309 575 finibus
331 517 366 575 ad
389 518 461 575 fines
485 528 574 586 terrm,
600 536 663 591 qum
687 536 725 577 ex
751 530 808 576 non
832 518 937 593 scripta
959 514 1107 574 traditione
1130 513 1154 580 ἓξ
1176 515 1265 585 irpeas

84 619 228 689 mutim
239 631 381 671 sacrarum
394 613 602 689 scripturarum
617 611 777 673 testimonia
790 613 938 671 confirmat
950 621 979 668 et
991 605 1170 685 obsignat.”²

125 706 275 767 Probatur
289 708 349 768 III.
370 708 424 767 Ex
437 710 586 769 communi
597 709 835 767 Christianorum
838 708 906 788 sere
914 707 1049 769 omnium
1057 700 1264 765 contuetudinc

85 808 113 859 ct
125 819 278 871 concentu,
292 824 350 879 qno
363 806 478 865 sabbati
491 806 650 863 observatio
663 806 694 863 in
707 805 784 864 diem
797 805 978 863 Dominicam
990 802 1124 860 translata
1136 797 1264 877 agnosci·

85 906 150 965 tun
172 916 259 971 quum
273 901 349 958 enim
363 900 441 959 nullo
454 901 606 977 Scriptura
627 900 789 958 matimonio
807 901 919 977 probari
938 898 1039 964 valeat,
1054 906 1166 955 constat
1184 893 1267 952 tradi·

85 992 191 1051 tionem
202 994 341 1053 Ecclesia
354 995 408 1054 hac
421 996 450 1053 in
464 1014 495 1053 re
508 996 567 1053 vim
580 1014 721 1053 summam
734 996 870 1063 obtinere,
884 1004 913 1052 ot
932 1004 1074 1072 precepto
1093 990 1130 1050 de
1150 988 1266 1048 Sabbati

84 1089 279 1150 observatione
293 1093 377 1150 toties
390 1094 420 1151 in
433 1093 579 1168 scripturis
599 1092 748 1160 inculcato,
769 1102 912 1165 tamquam
932 1100 1047 1157 etemo,
1068 1106 1105 1147 aa
1123 1086 1263 1163 derogari.

83 1185 174 1263 Igitur
185 1189 216 1247 in
229 1188 331 1266 agendi
343 1201 373 1247 et
384 1188 516 1247 credendi
529 1189 656 1265 regulam
669 1188 779 1247 traditio
792 1208 809 1246 a
822 1189 964 1266 plerisque
984 1186 1115 1253 sumitur,
1134 1203 1170 1241 ea
1188 1181 1266 1241 enim

85 1284 220 1361 magistra
232 1284 390 1343 didicerunt
402 1296 575 1362 pracepmm
589 1284 716 1343 divinum
729 1284 765 1342 de
779 1284 825 1342 die
839 1284 952 1342 Sabbati
961 1285 1023 1360 jam
1035 1300 1095 1341 non
1109 1281 1244 1357 obligare.

122 1380 274 1440 Probatur
288 1380 308 1439 Ι
310 1380 343 1440 V.
363 1380 418 1439 En
431 1381 577 1440 constanti
590 1380 787 1440 tribunalium
800 1380 940 1440 Ecclesia
949 1377 1082 1439 mctlrodo
1096 1375 1265 1457 injudiciit

84 1476 199 1557 defide,
212 1498 279 1539 nam
292 1479 415 1538 heraeas
428 1480 594 1557 plerumque
608 1480 843 1557 proscripserunt,
859 1478 1006 1537 traditione
1017 1476 1177 1554 appellata:
1199 1496 1265 1553 qna·

84 1586 200 1654 propter
212 1576 421 1653 Scripmmmm
433 1592 463 1635 et
486 1578 602 1636 Petrum
625 1578 656 1637 in
679 1577 805 1637 medium
828 1576 979 1636 afferebant
1001 1575 1177 1634 matimonia.
1217 1576 1267 1633 Sic

84 1675 182 1733 Ariani
195 1675 230 1732 ab
244 1674 399 1752 Episcopia
413 1676 542 1735 Nicaenis
555 1676 652 1753 rejecti
664 1685 747 1733 sunt:
789 1684 809 1711 ‘⁴
819 1675 898 1733 Ecce
911 1693 964 1732 nos
978 1672 1095 1747 quidam
1109 1693 1127 1731 a
1139 1674 1265 1750 patribus

83 1770 119 1829 ad
133 1781 226 1849 patres
239 1789 291 1849 per
303 1790 404 1830 manna
414 1772 542 1831 traditam
555 1772 643 1830 fuisse
657 1772 730 1830 hano
743 1772 910 1830 sententiam
922 1769 1226 1829 demonstrarimm.”¹

122 1866 274 1926 Probatur
293 1864 326 1927 V.
354 1868 409 1927 Ec
420 1869 614 1928 coruectorir's.
655 1868 772 1945 Rejecta
790 1867 948 1935 traditione,
970 1867 1177 1943 Scripturamm
1196 1883 1262 1924 auc·

83 1965 178 2022 toritas
192 1965 271 2024 nullo
282 1965 386 2025 idoneo
400 1965 612 2025 commendatur
623 1964 795 2032 testimonio,
810 1963 887 2037 quod
906 1963 993 2022 tidem
1013 1963 1089 2040 apud
1110 1964 1260 2040 phrooque

84 2064 233 2121 conciliet:
249 2063 327 2121 nulla
338 2072 414 2120 certa
426 2072 471 2119 est
483 2063 552 2123 ratio
565 2062 717 2138 Scriptum
731 2080 849 2121 sensum
866 2060 1033 2137 detegendi3
1056 2071 1086 2119 et
1109 2061 1277 2137 innumere·

84 2158 120 2218 de
133 2160 260 2219 doctrina
273 2159 381 2217 Christi
394 2158 470 2216 etde
485 2160 673 2217 sacramentis
689 2157 888 2217 controversia
901 2158 1009 2216 nullam
1030 2176 1114 2235 spem
1139 2158 1266 2217 veritatis

84 2257 260 2317 inveniendae
274 2258 445 2331 relinquunt.

10 2378 16 2391 .
127 2353 193 2432 Obj.
211 2359 237 2413 1.
260 2353 393 2412 Christus
406 2363 435 2411 at
445 2353 575 2430 Apostoli
590 2352 743 2430 Scriptnris
756 2353 861 2430 sepius
872 2352 918 2411 uri
931 2360 1007 2421 aunt,
1019 2351 1172 2412 traditione
1185 2370 1265 2411 num·

85 2465 182 2520 quam,
193 2449 229 2505 ad
243 2448 398 2505 doctrinam
412 2448 554 2505 tuendam,
595 2447 639 2505 lta
651 2448 783 2506 Burnet⁸
1071 2477 1075 2482 ·

122 2541 212 2619 Reap.
232 2540 365 2598 Christus
378 2558 451 2617 opus
465 2559 522 2599 non
536 2541 633 2599 habuit
645 2542 809 2618 Scripturu,
823 2542 869 2601 vel
883 2542 1040 2612 traditione,
1051 2542 1185 2605 aduam
1197 2545 1265 2603 mis·

84 2640 196 2700 cionem
217 2648 246 2698 et
264 2638 419 2698 doctrinam
440 2637 621 2716 probandam,
636 2657 723 2712 quum
744 2657 832 2717 opera
851 2657 915 2714 qaae
935 2641 1005 2700 tecit
1022 2638 1220 2701 ιειιιιοιιιιιιιι
1238 2641 1265 2701 oi

84 2738 282 2816 perhiberent:
297 2746 428 2795 ceterum
437 2754 506 2794 usus
518 2745 562 2794 est
570 2735 719 2810 aliquando
730 2737 883 2815 scripturis
894 2736 929 2796 ad
939 2735 1127 2796 revincendo·
1136 2734 1266 2806 induor,

84 2846 114 2894 ct
126 2835 162 2893 ad
175 2833 336 2893 edocendos
350 2832 516 2911 discipulos,
531 2833 663 2891 vaticinia
675 2834 705 2892 in
719 2852 750 2893 sa
771 2834 887 2911 impleta
899 2834 1063 2895 ostendens.
1098 2824 1263 2908 Traditionc

65 2951 154 2991 -usus
177 2932 288 2991 videtur
309 2951 346 2991 ex
370 2932 486 2991 Psalmo
510 2930 740 3008 argumentando,
765 2932 905 2990 Moesiam
929 2951 946 2989 a
969 2931 1080 2990 Doride
1105 2932 1291 3001 Dominum·¹

85 3029 267 3106 appellatum,
290 3047 343 3086 neo
367 3030 444 3087 enim
467 3029 535 3087 alias
558 3030 704 3088 constabat
723 3031 769 3088 vel
794 3028 932 3088 Davidem
957 3047 1021 3088 esee
1043 3039 1201 3098 auctorem,
1222 3029 1284 3101 vei¹

84 3120 224 3186 Moesiam
233 3142 268 3183 eo
278 3124 335 3183 loci
345 3123 495 3201 designari.
518 3126 648 3202 Apostoli
659 3136 752 3184 autem
764 3126 909 3185 traditione
919 3127 964 3185 usi
975 3126 1114 3197 videntur,
1129 3126 1167 3185 de
1177 3128 1264 3186 Ianne

84 3235 112 3285 ot
135 3223 276 3291 Mambre,
297 3240 369 3296 quoa
391 3232 594 3281 commemorat
614 3223 745 3290 Paulus,⁴
763 3223 841 3282 nulla
859 3225 931 3283 iacta
944 3243 1043 3283 sorum
1057 3225 1266 3303 in‘Scripturir

83 3324 236 3391 mentione,
252 3321 326 3378 sicut
344 3338 397 3379 nec
419 3318 453 3378 dc
475 3318 625 3378 Michaelis
645 3338 711 3378 cum
730 3319 842 3379 diabolo
862 3322 1079 3391 concertatione,
1094 3322 1143 3381 vel
1161 3320 1264 3382 Enoch

83 3423 216 3482 rancinio
230 3437 293 3494 que
307 3438 324 3477 a
337 3416 412 3476 Juda
425 3417 590 3476 reseruntur.
631 3417 681 3489 Sic
694 3419 799 3496 rapias
812 3436 849 3478 ox
869 3419 1070 3496 scripturaram
1090 3436 1179 3477 sensa
1200 3420 1265 3483 alle·

84 3523 181 3597 gotico
202 3517 386 3598 argumentati
404 3526 479 3584 sunt,
493 3515 529 3575 ad
547 3515 685 3575 Moesiam
707 3517 854 3576 reserando
872 3536 936 3590 que
952 3516 987 3575 de
1008 3517 1072 3576 aliis
1086 3516 1122 3575 ad
1144 3519 1269 3578 litteram·

85 3614 160 3673 diota
179 3626 263 3685 sunt;
285 3633 348 3673 eam
364 3622 458 3671 autem
469 3611 689 3690 explicationem
709 3613 824 3671 nonnisi
843 3612 994 3671 traditione
1013 3613 1107 3693 gentis
1127 3613 1268 3685 iudaice,

87 3728 143 3782 qna
156 3710 294 3770 Messinm
308 3728 372 3768 esse
390 3708 462 3784 legis
477 3717 506 3766 et
524 3709 734 3785 prophetiarum
754 3709 841 3768 tinem
862 3709 1017 3779 constabat,
1030 3708 1106 3779 tueri
1123 3719 1265 3787 poterant.

89 3796 229 3866 Ceteram
241 3827 329 3881 quum
340 3805 450 3865 traditio
461 3805 496 3865 de
508 3825 563 3880 qua
575 3826 651 3865 nunc
661 3807 752 3884 agitur
761 3807 799 3863 sit
809 3807 922 3883 publica
930 3805 1002 3864 tides
1012 3802 1267 3876 totittaEaclesle,

89 3902 239 3978 Scriptura
259 3904 409 3982 explicatio
429 3912 457 3960 et
470 3904 672 3971 vadimonium,
687 3921 740 3960 neo
754 3901 928 3962 christiaco
942 3902 1148 3980 Apostolorum
1167 3923 1267 3964 exem-v

88 4000 168 4081 plum
182 3997 282 4058 adduci
295 4011 398 4078 potest,
411 4018 465 4059 nec
478 4000 555 4063 enim
572 3999 607 4057 de
617 3999 736 4059 Judaica
749 3999 906 4069 traditione,
921 4019 1006 4074 quam
1023 4001 1109 4059 citare
1123 4011 1268 4080 poterant,

90 4107 134 4159 est
147 4097 284 4172 quaestio:
299 4118 352 4157 nec
365 4118 415 4177 par
429 4109 472 4157 est
484 4098 629 4173 utriusque
643 4099 723 4158 ratio.

252 4325 288 4386 (1)
300 4323 359 4373 ιι.
369 4327 422 4385 ιιι.
434 4314 545 4379 marma.
558 4327 708 4394 ancyran
992 4388 995 4395 ,

251 4408 288 4471 (2)
298 4407 417 4461 Athenas.
428 4412 443 4460 l.
454 4412 484 4463 do
495 4411 598 4463 decretis
609 4411 668 4478 Syn.
679 4409 736 4461 Nic.
746 4411 801 4462 adv.
808 4409 950 4462 Eusebium.

252 4492 288 4556 (3)
300 4492 492 4558 Analysisp.99.

253 4577 292 4642 (4)
302 4577 329 4628 11
336 4575 403 4628 Tim.
414 4576 450 4627 ιιι.
463 4578 485 4628 Β.
598 4610 601 4617 -
