2738 5032
425 256 430 269 '
486 278 543 340 ns
566 274 704 339 vanno
725 274 913 343 sonrrno
1238 280 1296 339 ιιι

106 432 247 493 ιιιιιιιιιι“
239 454 298 498 ιιιιο
311 436 446 499 divinitus
460 436 496 494 ad
510 435 538 495 id
552 437 668 529 impulsi
695 436 827 514 Apostoli
850 439 930 514 plura
954 439 1138 516 scripserunt,
1163 436 1217 506 elia
1240 436 1295 496 riri

106 523 267 606 Apostolici
286 531 421 609 deinceps
442 533 548 610 scripto
571 535 795 609 consignarunt.-
824 532 897 593 Haec
917 552 950 593 se
970 535 1093 593 invicem
1114 533 1248 612 adjuvant
1267 542 1297 591 st

107 637 275 696 sustentant,
289 638 347 713 tam
360 630 445 706 longe
470 631 549 688 abest
572 640 604 687 ut
627 649 716 687 unum
741 625 859 689 alterurn
884 631 1022 690 excludat.
1064 633 1113 691 Sic
1137 632 1202 691 viva
1225 647 1295 688 voce

109 722 262 801 instructus
276 735 336 782 erat
350 724 541 802 Theophilus,
554 721 594 782 ad
604 744 689 799 quem
710 737 804 791 mmen
824 726 917 784 Lucas
938 745 1022 784 suum
1041 726 1145 785 direxit
1163 722 1298 803 Evange-

89 890 93 899 .
107 819 191 887 lium,
205 821 391 879 certissimam
405 840 499 881 rerum
513 836 655 899 gestarum
670 806 783 880 Christi
794 834 822 881 et
835 823 975 882 dictorum
989 823 1155 882 relationem
1168 822 1295 890 daturus,

77 976 81 985 ,
108 927 141 987 ut
153 917 183 975 in
197 916 254 975 fide
265 936 353 990 quam
367 919 516 996 amplexus
530 919 621 977 suerat
632 919 741 977 firmior
754 929 783 977 et
796 920 958 981 instructior
978 919 1118 998 eraderet.
1159 919 1298 977 Secunta·

109 1023 167 1072 tem
182 1012 394 1083 hanaucensem
409 1026 537 1075 accurata
550 1035 644 1075 rerum
667 1018 836 1092 narratione,
859 1037 915 1092 qua
937 1039 953 1077 a
972 1015 1297 1111 pseudo-Evangelistis,

110 1109 178 1168 vel'
171 1110 310 1187 imperitis
324 1110 509 1188 scriptoribus
527 1121 681 1181 caveretur,
697 1112 789 1171 Lucas
814 1112 938 1171 dandam
957 1106 1120 1190 proposuit:
1143 1130 1197 1170 nec
1220 1111 1298 1169 euim

110 1203 194 1263 facile
208 1224 253 1263 res
268 1205 338 1265 adeo
352 1208 468 1267 minutas
480 1208 618 1266 memorie
630 1209 827 1267 retinerentur.
869 1208 1012 1297 Scripsit
1004 1219 1098 1282 itaque
1112 1226 1170 1266 non
1180 1225 1219 1265 eo
1232 1225 1299 1266 con·

111 1302 177 1377 silio
191 1312 223 1360 ut
235 1303 414 1388 vacillantem
428 1305 556 1364 animum
569 1305 702 1375 firmaret,
719 1306 763 1364 ιιι
784 1307 898 1382 plenem
917 1306 1045 1384 regulam
1065 1304 1133 1364 fidei
1152 1304 1299 1382 preberet,

112 1399 164 1458 sed
178 1409 210 1457 ut
223 1401 335 1459 obviam
357 1384 411 1458 iret
432 1402 588 1460 temerariis
613 1402 670 1460 illis
694 1403 890 1480 scriptoribus,
904 1415 943 1463 ιι
963 1403 1170 1481 praecipuarum
1190 1397 1308 1458 Christi

112 1499 255 1556 actionum
268 1517 411 1557 summam
425 1499 566 1571 quandam
590 1498 746 1558 exhiberet.
788 1501 869 1560 Sicut
893 1502 978 1580 igitur
999 1500 1189 1578 Evangelium
1212 1494 1299 1556 Lucae

109 1611 168 1653 non
181 1594 307 1672 excludit
319 1605 419 1654 caetera
439 1594 518 1653 Novi
532 1595 710 1660 Testamenti
724 1597 838 1673 scripta,
853 1598 892 1655 ita
905 1617 959 1657 nec
977 1580 1218 1677 praedicationem,
1231 1592 1331 1652 doc-,⁵

112 1691 224 1760 trinam,
237 1742 239 1747 .
253 1691 339 1750 fidem
366 1693 519 1769 publicam,
547 1702 578 1750 et
602 1680 779 1751 traditionem
807 1694 966 1761 ministerii.
1008 1694 1089 1753 Idem
1116 1693 1153 1773 de
1178 1690 1300 1763 ioannis

113 1788 272 1866 Evangelio
285 1789 452 1849 dicendum:
468 1791 579 1867 objecto
594 1800 687 1850 autem
701 1791 767 1849 loco
777 1790 869 1849 reddit
879 1791 1017 1850 rationem
1031 1774 1186 1868 Apostolus
1201 1807 1253 1869 cur
1266 1804 1301 1845 ea

112 1898 176 1956 (ιιιιι
191 1885 321 1943 retulerat
335 1885 517 1944 miracula'ex
529 1874 661 1962 plurimis
675 1887 817 1964 selegerit,
832 1905 895 1960 quae
916 1886 1026 1944 scilicet
1045 1885 1148 1943 idonea
1167 1893 1246 1943 erant
1265 1881 1302 1940 sd

112 1979 199 2037 fidem
214 1980 244 2038 in
259 1979 375 2038 Christo
389 1981 454 2038 Deo
467 1981 701 2042 confirmandum.
742 1983 823 2061 Quos
837 1978 975 2041 aduentus
989 1993 1034 2050 est
1045 1980 1145 2040 fideles
1161 1981 1222 2056 jam
1237 1996 1303 2036 esse

113 2073 269 2135 indubium
287 2079 342 2142 ιιι,
357 2066 412 2135 Ιιοι
436 2085 529 2136 tamen
550 2087 647 2136 contra
666 2079 751 2136 salsas
772 2080 925 2137 sententias
946 2078 996 2136 de·
1009 2077 1127 2135 Christo
1154 2094 1217 2149 quae
1241 2075 1321 2151 jam-

113 2173 212 2248 spargi
226 2164 366 2246 caeperant
375 2156 545 2230 muniendos
559 2172 649 2240 duxit,
664 2173 761 2230 divina
773 2176 835 2250 ejus
854 2172 955 2234 natura
967 2174 1116 2242 declarata,
1136 2182 1166 2231 et
1184 2173 1304 2230 miracu·

112 2269 208 2328 lorum
222 2277 387 2342 argumento
401 2267 531 2336 adducto.
543 2301 546 2306 ·
558 2332 562 2341 ,
572 2269 644 2334 Quis
659 2280 744 2345 neget
756 2268 859 2327 librum
874 2270 1009 2328 divinitus
1026 2252 1223 2346 ⁸correcriptum
1237 2269 1301 2347 plu·

112 2367 219 2426 rimam
234 2365 369 2443 inservire
383 2363 508 2442 dogmati
521 2364 686 2442 hujusmodi
699 2357 815 2443 tuendo,
828 2375 857 2429 st
876 2377 1101 2439 monumentum¹
1112 2365 1305 2427 dirinae.fidei

115 2452 184 2521 esse¹
196 2450 433 2538 pretiosissimum
444 2462 456 2518 ι
497 2461 566 2521 Non
579 2461 644 2521 ideo
658 2471 753 2522 tamen
764 2464 860 2525 omnia
873 2483 937 2541 ques
950 2465 1072 2523 revelata
1082 2477 1160 2535 sunt,
1170 2474 1306 2524 etneces·

93 2636 98 2645 ἱ
115 2562 190 2620 sarid
205 2559 354 2629 credenda,
369 2561 454 2619 unico
468 2560 517 2619 illo
532 2561 690 2638 Evangelio
701 2556 899 2632 conducatur,
914 2560 960 2621 vel
973 2563 1037 2622 aliis
1051 2565 1208 2641 seripturis.
1249 2564 1306 2622 Pe-

116 2671 190 2719 trum
205 2657 373 2735 Apostolum
387 2675 450 2729 earn
464 2657 614 2732 scripsisse
626 2659 788 2733 epistolem,
803 2670 835 2717 ut
847 2649 978 2717 fidelibus
990 2661 1105 2717 monita
1110 2660 1159 2717 illa
1172 2668 1305 2735 suppete-

116 2764 190 2826 rent,
204 2763 233 2812 et
245 2753 351 2812 divinis
363 2753 554 2843 imbuerentur
574 2751 763 2841 documentis,
775 2736 896 2813 libenter
915 2756 1038 2825 damus3
1058 2753 1128 2827 quiri
1147 2754 1307 2812 traditionis

115 2849 223 2909 idcirco
237 2850 393 2908 infirmetur
415 2848 469 2916 ιιι,
485 2866 548 2920 quae
572 2856 601 2905 et
624 2832 774 2924 epistolam
796 2847 987 2907 commendat
1001 2857 1145 2932 tamquam
1169 2847 1315 2919 (lisinam,¹

117 2946 246 3023 neglecta
269 2943 478 3019 quorumdam
477 2941 660 3010 dubitatione,
674 2952 703 3007 et
723 2943 853 3000 veritates
868 2961 938 3016 quas
959 2943 1085 3001 continet
1104 2962 1169 3002 cum
1196 2944 1307 3002 ceteris

119 3041 188 3102 fidei
202 3042 349 3119 principiis
370 3041 501 3099 inculcat.
536 3039 596 3099 *llla
615 3040 754 3116 Apostoli
765 3038 916 3103 solicitudo
936 3049 967 3099 ut
986 3034 1094 3099 fideles
1111 3041 1225 3119 scriptis
1244 3042 1306 3100 suis

118 3139 156 3197 ad
169 3139 279 3215 pietatis
294 3136 417 3197 studium
432 3128 660 3204 accenderentur,
675 3135 822 3213 principiis
837 3137 940 3209 quibus
955 3137 1096 3196 nitebatur
1108 3136 1181 3201 fides
1195 3137 1306 3195 exhibi-

118 3237 168 3305 tis,
183 3236 253 3294 nibil
268 3217 553 3296 detrabittreditionis
568 3231 737 3301 certitudini,
752 3250 815 3307 quae
829 3234 932 3303 nonin
952 3252 987 3292 eo
1006 3243 1050 3292 ιιι
1073 3233 1214 3310 ponenda,
1228 3230 1306 3303 quod

120 3307 256 3393 omnibus
274 3331 389 3427 rejectis
408 3331 562 3407 litterarum
583 3329 727 3398 subsidiis,
749 3331 816 3388 viva
834 3339 942 3389 tautum
966 3348 1037 3388 voce
1056 3329 1186 3387 veritates
1206 3345 1306 3407 omnes

98 3444 107 3472 -·
119 3422 311 3497 enuntientur,
326 3427 377 3486 sed
391 3427 467 3515 quod
478 3426 593 3515 publica
605 3426 767 3513 praedicatio
781 3437 810 3484 ιι
828 3426 943 3494 fides,''
925 3446 961 3483 ns
981 3426 1114 3484 omnibus
1135 3442 1209 3497 quae
1218 3422 1307 3481 eonti-

120 3529 195 3606 gerit
207 3527 334 3587 adbiberi
345 3509 532 3607 presidiis
498 3526 616 3592 munita,
638 3525 676 3583 sit
695 3534 771 3582 certa
790 3510 823 3581 ao
843 3542 942 3581 secura
966 3533 1036 3581 ratro
1060 3522 1155 3579 divina
1175 3519 1307 3598 dogmata

120 3625 339 3687 transmittendi.
382 3623 467 3692 Quod
480 3633 573 3681 autem
588 3621 656 3705 dicit
669 3621 776 3680 Paulus
792 3639 824 3678 se
845 3618 935 3699 toturn
955 3618 1012 3678 Dei
1031 3619 1181 3703 consilium
1201 3620 1307 3695 patefe-

120 3724 209 3791 cisse,
224 3741 282 3781 uon
291 3729 402 3800 spectat
414 3721 477 3797 ejus
491 3717 672 3801 scripta,1sed
685 3695 926 3795 predicationem,
940 3695 1092 3787 alloquitur
1101 3713 1177 3772 euim
1186 3714 1308 3792 Episco÷

121 3840 178 3901 pos
192 3820 305 3880 Asiane
326 3818 490 3896 provinciae,
505 3815 539 3874 ιιι
555 3834 611 3888 qua
633 3827 684 3892 per
698 3814 858 3873 ¹triennium
882 3832 935 3871 suo
959 3830 1076 3870 munere
1101 3812 1214 3871 functus
1237 3823 1306 3873 erat

121 3918 279 4003 Apostolos
293 3927 379 3974 totam
394 3914 550 3973 docuinam
576 3911 687 3983 Christi
707 3910 905 3997 promulgasse
924 3909 1057 3976 fatemur,
1070 3927 1133 3973 nec
1154 3909 1308 3984 quidquam

65 3991 97 4107 ἐι-
109 4028 224 4077 ,eorum
237 4012 383 4080 institutis,
398 4029 461 4083 quae
475 4028 526 4086 per
540 4006 679 4067 Ecclesiae
694 4007 873 4091 traditionem
894 4006 1084 4083 innotescunt,
1095 4004 1308 4112 adjungendum

64 4098 286 4176 -''··''esnsemus,
301 4105 423 4164 sednon
437 4105 609 4177 omniaque
623 4102 780 4161 docuerunt
793 4120 891 4163 sorum
914 4100 1026 4177 scriptis
1051 4101 1198 4169 contineri,
1213 4101 1310 4159 omnia

125 4207 314 4269 nihilominus
339 4202 439 4262 eadem
464 4200 536 4260 fide·
532 4200 713 4279 excipienda
734 4198 943 4287 contendimus,
969 4198 1063 4275 ιἰιιιιι
1074 4199 1145 4258 illud
1166 4198 1248 4258 Pauli
1272 4198 1308 4257 ad

123 4303 449 4367 Thessalonicensesr‘
453 4306 540 4375 ‘state
563 4306 592 4355 et
620 4305 711 4355 tenete
735 4295 897 4367 traditiones
920 4313 989 4373 quas
1013 4293 1165 4365 didicistis,
1178 4294 1238 4352 sive
1257 4313 1308 4373 pet

123 4421 297 4471 sermonem,
312 4399 372 4457 sive
387 4415 438 4474 per
450 4395 600 4521 epistolam
613 4392 786 4489 nostram”

580 4569 619 4633 ιι)
636 4520 801 4622 tranasti
810 4568 881 4619 ιι.

245 4681 320 4740 Ver..
336 4677 440 4738 1.-44
