2738 5032
127 314 164 374 tu
491 366 495 371 ,
535 309 605 368 ΒΕ
629 309 938 402 Ruvuua'rrorvu.

123 478 181 527 tate
201 488 264 528 eam
285 469 405 528 evellere
431 460 532 533 frustra
553 471 679 529 nitente:
704 485 758 526 nec
778 467 834 525 nisi
856 486 920 524 cum
943 466 1065 540 quodam
1085 467 1131 526 sui
1151 466 1321 527 discrimine

126 563 332 634 Constantinus
346 565 373 624 ei
388 555 481 642 palam
495 566 685 643 patrocinatus
700 574 753 630 est,
768 563 898 636 quamvis
914 564 991 621 enim
1001 565 1150 640 jaru'loret
1169 565 1322 632 innumera

124 678 177 737 per
196 661 308 738 imperii
328 660 401 721 fines
422 661 595 720 credentium
618 659 777 726 multitudo,
793 646 884 716 adhuc
899 671 992 717 tamen
1012 658 1129 718 Ethnici
1144 679 1277 726 numero,
1293 668 1322 716 et

124 756 241 826 viribus,
251 769 280 816 et
290 758 407 817 audacia
418 759 523 832 ubique
535 749 688 835 pollebant,
700 758 739 814 ita
749 768 780 814 ut
790 757 861 833 ipsis
873 757 1034 816 Theodosii
1045 754 1220 835 temporibus
1227 758 1321 834 'Sym
1342 773 1344 776 ·

124 855 243 913 machus
256 855 334 915 urbis
348 855 496 932 praelectus
511 855 624 932 gentilis
643 853 782 911 idolorum
804 853 910 911 cultum
924 850 1071 912 restituere
1085 855 1263 912 laboraverit.

86 1028 88 1032 .
144 946 268 1041 Odj.
252 954 282 1008 4.
304 951 497 1010 Revelationis
512 951 684 1017 Christiane
699 948 810 1016 fides,
797 949 911 1025 jurgiis,
927 950 1061 1044 civilibus
1073 937 1207 1018 motibus,
1222 967 1320 1027 perse·

125 1017 296 1129 optionibus,
311 1048 431 1121 aliisque
452 1048 666 1114 calamitatibus
677 1047 798 1123 prebuit
817 1048 1015 1132 occasionem:
1041 1049 1123 1169 Ergo
1143 1047 1239 1111 Deum
1261 1066 1321 1107 non

125 1132 211 1203 babet
231 1155 385 1204 auctorem.

124 1239 254 1318 Rcsp.
276 1241 323 1300 Dc
344 1241 548 1298 calamitatibus
569 1256 641 1312 quas
665 1238 771 1297 mundo
797 1212 930 1315 intulisse
940 1186 1051 1300 dicitnr
1070 1207 1204 1301 revelatio
1225 1242 1336 1315 fastus,

124 1335 267 1405 (ιιιιιιιοιι
274 1356 334 1399 nou
354 1348 399 1394 est
419 1337 466 1394 hic
486 1337 577 1404 locus,
592 1356 657 1396 nam
680 1348 737 1393 tota
751 1316 920 1405 Christiane
941 1336 1084 1418 Ecclesiae
1102 1333 1220 1396 historia
1240 1350 1321 1416 esset

122 1437 325 1516 pervolvenda,
339 1448 371 1496 ut
383 1438 518 1515 singulas
538 1455 597 1494 res
603 1443 711 1512 gestas
723 1432 941 1511 explicaremus,
958 1414 1128 1507 revelationi
1141 1455 1208 1495 suas
1222 1446 1319 1514 partes

125 1532 301 1591 vindicaturi
342 1532 375 1591 Id
390 1532 510 1590 fidenter
518 1528 658 1598 drcrmus
656 1550 729 1588 eam
740 1532 896 1589 beneficam
909 1533 1069 1591 necessario
1082 1552 1157 1596 esse,
1169 1543 1198 1591 et
1209 1533 1319 1591 nullam

124 1629 255 1707 proinde
257 1631 360 1709 inferre
381 1650 470 1708 posse
487 1631 702 1705 calamitatem
711 1629 763 1687 sed
778 1648 865 1720 quum
886 1630 1017 1688 homines
1040 1633 1102 1704 suis
1116 1632 1319 1708 cupiditatibus

124 1727 230 1817 saepius
244 1728 426 1806 abripiantur,
440 1727 587 1822 religionis
608 1726 724 1784 nomine
745 1744 811 1791 non,
820 1726 909 1804 semel
923 1743 981 1795 eas,
997 1728 1061 1786 velo
1076 1729 1167 1802 quasi,
1183 1729 1319 1806 obtegere

89 1817 92 1820 ⁴
123 1811 303 1887 ιιιιιιιιιιιιιι
341 1825 412 1895 flue
432 1818 499 1883 nata
518 1833 586 1881 sunt
605 1821 733 1895 dissidia,
749 1798 975 1912 superbiaeque
994 1822 1159 1893 revelationi
1179 1825 1322 1884 resistitur

122 1918 191 1990 sunt
204 1921 367 1980 tribuenda:
374 1922 480 1980 turbae
492 1914 644 2010 motusque
656 1915 754 1976 civiles
766 1918 801 1975 ad
816 1919 998 1983 sectariorum
1010 1923 1262 1984 tumultuantium
1253 1943 1321 1982 con·

110 2020 189 2079 'silla
200 2032 229 2080 ιι
242 2020 468 2107 machinationes
491 2029 558 2101 sunt
577 2018 737 2075 reserenda:
761 2018 864 2093 bella
852 2028 930 2076 niter
943 2021 1087 2098 principes
1101 2041 1138 2079 ex
1151 2021 1320 2080 dominandi

121 2117 250 2187 libidine,
266 2118 348 2175 ιιι
325 2137 369 2175 ex
366 2117 538 2203 principum
553 2117 583 2173 in
597 2107 726 2174 subditos
740 2115 899 2192 tyrannide
904 2136 960 2189 qua
974 2115 1065 2176 ctiam
1078 2120 1143 2196 jura
1157 2128 1237 2177 sacra
1252 2130 1321 2179 eunt

122 2211 203 2284 losa,
214 2226 280 2275 nata
293 2225 374 2273 sunt:
396 2215 608 2295 persecutiones
624 2233 686 2286 quae
707 2213 847 2283 dicuntur,
859 2216 1043 2289 aliquando
1029 2228 1176 2293 justorum
1188 2216 1321 2293 judicio·

111 2298 189 2372 'im
201 2313 320 2372 lormain
336 2313 565 2403 praesetulenrnt,
579 2324 608 2369 et
620 2312 749 2389 graviora
759 2303 967 2371 vindicarunt.
959 2333 989 2400 ιιι
1003 2315 1165 2392 societatem
1188 2316 1319 2375 crimina.

124 2394 196 2479 Qira
207 2413 275 2485 alias
287 2398 358 2471 lacta
369 2423 436 2482 sunt
448 2397 578 2481 dolemus
589 2422 617 2468 et
628 2412 842 2518 reprobamus,
836 2431 892 2470 nec
903 2423 1009 2493 tamen
1012 2414 1095 2500 inler-
1099 2413 1223 2527 crelestis
1237 2433 1321 2473 reve·

17 2568 43 2599 ,ς
122 2511 236 2593 lationis
251 2505 377 2573 effectus
371 2531 583 2583 recensemus.

123 2587 237 2688 obj.
249 2612 277 2668 6.
300 2605 493 2682 Revelationis
512 2608 590 2666 nulla
603 2607 647 2665 'est
660 2608 776 2676 utilitas,
791 2610 847 2666 nisi
868 2620 944 2703 certo
957 2611 1136 2707 unicuique
1139 2592 1317 2670 innotescat:

123 2699 303 2790 innotescere
317 2717 411 2765 autem
425 2706 524 2780 nequit
538 2705 594 2763 nisi
615 2707 664 2763 fiat
677 2707 806 2795 specialit
807 2726 836 2764 er
849 2696 1012 2781 unicuique.
1067 2717 1074 2730 ⁹
1212 2715 1215 2721 '

124 2805 255 2884 Rcsp
263 2786 389 2866 Uertam
397 2804 517 2895 quidem
533 2804 609 2880 exigi
619 2789 803 2860 revelationis
818 2799 956 2872 notitiam,
962 2805 1018 2862 sed
1030 2806 1205 2865 ιιιιιιιιιιιιι
1217 2804 1316 2883 posse,

123 2903 194 2976 quin
208 2903 368 2979 specialiter
380 2902 534 2974 unicuique
548 2900 586 2957 sit
606 2899 693 2957 sacta:
709 2895 792 2979 satis
802 2900 884 2957 enim
902 2911 953 2957 est
959 2912 989 2959 ut
1010 2901 1067 2958 fida
1088 2885 1182 2978 dignis
1196 2903 1318 2960 testibus

122 2998 297 3058 innotescat·
318 2999 478 3056 sicutenim
491 2995 684 3055 omnimodam
696 2972 834 3053 habemus
845 2997 1041 3055 certitudinem
1052 2996 1239 3091 plurimorum
1251 3018 1317 3070 quae

124 3112 269 3166 nunquam
283 3079 417 3167 vidimus,
433 3093 550 3149 testibus
573 3097 667 3149 tamen
687 3103 715 3148 et
735 3091 895 3155 document
878 3102 912 3149 trs
934 3088 1159 3171 suppetentibus,
1176 3087 1214 3150 ita
1230 3094 1317 3152 etiam

123 3199 175 3268 per
194 3180 333 3248 testarier
353 3180 523 3246 documenta
538 3186 628 3244 certi
626 3206 700 3267 ιιιι
716 3203 870 3267 possumus
891 3188 986 3246 Deum'
1006 3190 1158 3277 revelasse.
1198 3187 1317 3260 Utilitas

123 3295 225 3359 autem
223 3304 295 3360 qum
309 3303 347 3343 ex
359 3265 530 3342 revelatione
545 3262 694 3351 derivatur,
710 3280 820 3356 quotics
835 3283 871 3342 de
883 3303 915 3342 ea
927 3296 1052 3353 constat,
1059 3271 1158 3342 haberi
1170 3296 1274 3361 potest.

115 3417 117 3424 ‹
141 3381 238 3462 Odj
248 3386 277 3442 6.
300 3372 448 3474 Revelatio
468 3392 519 3456 per
532 3379 603 3437 alios
625 3379 834 3457 communicata
849 3380 1010 3456 periculum
1030 3381 1206 3469 deceptionis
1220 3382 1317 3466 habet,

124 3463 256 3544 llomines
270 3468 347 3539 enirn
362 3479 419 3559 ipsi
434 3474 634 3554 imaginatione
649 3478 790 3557 falluntur,
807 3478 851 3559 vel
866 3478 960 3535 fallere
972 3478 1100 3568 student.
1159 3518 1162 3524 ,
1272 3512 1291 3518 ·-
1328 3525 1331 3528 ,

104 3644 108 3652 ¹
163 3575 256 3659 Resp.
273 3576 375 3637 Facile
382 3571 497 3650 quidem
509 3573 673 3632 ltomrues
656 3594 778 3651 imagine
779 3585 854 3638 rone
869 3551 937 3642 lalli,
953 3553 1079 3648 aliosque
1095 3576 1180 3634 etiam
1193 3577 1318 3638 scienter

117 3673 321 3732 ·ιιιιιιιιιιιιε
337 3674 394 3756 sed
415 3664 480 3731 lle'o
501 3680 660 3749 suppetere
671 3673 795 3729 rationes
810 3671 912 3744 quibus
924 3671 962 3728 de
976 3654 1147 3734 revelatione
1167 3672 1221 3731 sibi
1242 3674 1318 3734 sacta

124 3773 190 3846 quis
204 3773 253 3831 fiat
265 3749 451 3839 certisslm’us,
466 3773 569 3844 aliique
584 3771 618 3833 de
632 3770 804 3827 revelatione
821 3785 879 3846 per
889 3770 959 3827 alios
970 3771 1181 3875 communicata
1196 3772 1318 3896 plenam

29 3880 34 3891 '
124 3870 246 3951 habeant
259 3855 468 3929 certitudinem.
539 3901 541 3907 ·

168 3946 234 4057 Obj.
249 3972 282 4026 7
300 3964 415 4022 Voces
407 3982 516 4037 manes,
529 3953 640 4037 quibus
647 3948 740 4019 nullus
755 3957 846 4020 certus
859 3962 1016 4021 adnectitur
1024 3976 1137 4032 sensus,
1148 3963 1317 4057 plerumque

87 4112 89 4118 ,
123 4063 154 4122 in
167 4060 343 4125 revelatione
348 4058 538 4136 proponenda
549 4058 732 4116 adhibentur
755 4077 843 4134 v.g.:
866 4070 922 4116 tres
937 4048 1093 4151 personae'
1086 4079 1116 4117 ιιι
1130 4077 1196 4119 una
1194 4072 1315 4121 natura
1360 4089 1363 4097 ι

124 4149 201 4235 atqui
216 4178 253 4219 ex
266 4157 384 4236 vocibus
399 4144 528 4214 inanibus
543 4156 767 4240 adhibitisnulla
780 4167 823 4212 est
837 4157 911 4213 utilit
901 4167 952 4214 t.as
1204 4167 1206 4171 ’

163 4255 255 4333 Rcop.
266 4232 370 4312 Voces
391 4254 502 4326 quibus
515 4234 651 4326 mysteria
672 4235 869 4328 proponuntur
888 4252 986 4331 inanes
1008 4272 1065 4311 non
1087 4265 1162 4323 sunt,
1180 4257 1317 4332 'quamvis

43 4401 44 4405 ,
122 4354 289 4418 relationem
301 4359 329 4408 et
339 4352 444 4407 nexum
457 4349 639 4407 terminorum
655 4348 1141 4426 mensapprehenderenonvaleot.
1184 4352 1325 4425 Quisque.

16 4440 23 4459 ¹
124 4449 258 4526 intelligit
265 4439 421 4508 doctrinam
431 4443 466 4502 de
476 4445 563 4502 tribus
573 4445 703 4521 personis
715 4444 809 4501 inune
819 4442 875 4502 Dei
885 4445 1184 4529 essentia,'discrinren
1195 4449 1316 4525 proinde

95 4608 97 4614 .
123 4566 308 4630 personarum
324 4565 340 4602 a
354 4562 385 4601 se
399 4544 532 4612 invicem,
548 4545 749 4616 quemvis‘uon
764 4544 853 4600 valeat
863 4545 1012 4627 percipere
1025 4545 1314 4622 quomodo-personae

124 4634 561 4717 intersediscemantur;'l1uun
580 4641 658 4725 'iplem
674 4642 731 4700 sint
745 4651 853 4705 natura.
896 4642 1039 4702 Ceterum
1054 4662 1090 4702 ιιι
1105 4635 1243 4720 mysterio
1257 4633 1314 4706 hoc

110 4904 143 4969 :a
