2738 5032
412 114 468 181 DE
490 120 710 181 REGIMINIS
732 120 930 183 uuluam
1211 125 1266 183 ll'l

55 296 148 339 :nas
161 298 260 339 uocem
277 280 399 356 pastoris
418 274 544 357 officium
565 278 724 356 designare,
739 279 815 353 quod
837 292 931 339 umen
952 279 1071 339 includit
1092 277 1266 357 gubernandi

49 388 257 457 vammum,
272 394 300 439 et
309 380 431 438 ·Christo
445 378 501 456 ipsi
515 379 585 439 alias
600 378 737 445 tribuitur,
752 379 852 437 rectori
867 378 963 453 utique
976 398 1121 456 supremo.

112 477 187 558 ..Odi
202 483 230 537 ³.
253 478 366 556 Singuli
379 478 517 555 Episcopi
531 496 568 535 ex
580 477 688 535 Christi
704 477 922 544 instituto,·suos
938 491 1055 553 pascunt
1068 495 1180 554 greges,
1193 477 1263 549 quin

54 574 138 633 11110
158 577 331 635 auctoritatis
352 575 485 653 ligamine
507 575 579 632 inter
595 593 630 631 se
651 585 813 633 teneantur:
840 572 890 631 sed
911 592 947 631 ex
969 573 1090 631 fraterno
1109 573 1222 641 affectu,
1236 584 1266 631 et

45 669 289 731 Ecclesiasticus
303 674 429 731 utilitatis
443 671 536 730 studio
551 672 712 729 societatem
728 671 834 737 ineunt,
850 670 1118 742 communionisque
1130 671 1196 747 jura
1210 671 1265 729 sibi

46 766 203 825 invicem
216 767 381 844 largiuntur.
397 814 400 819 .
421 767 463 825 lta
477 766 651 843 Cyprianus,
666 764 716 838 qui
733 766 908 842 singulorum
930 765 1141 841 Episcoporum
1155 765 1267 824 liberta·

42 874 131 921 tem
148 862 303 922 vindicavit
315 884 332 921 a
345 864 483 941 Stephani
497 864 663 930 arbitrio,‘ct
675 863 729 921 soli
752 863 816 921 Deo
837 864 973 920 rationem
991 862 1027 920 de
1041 864 1101 920 suis
1123 863 1265 922 Ecclesiis

49 954 252 1020 reddendm
267 962 419 1021 contendit.
1259 1032 1264 1039 Ι

111 1058 207 1137 Reap.
230 1058 277 1117 Ex
297 1058 408 1117 Christi
431 1060 557 1117 instituto
577 1078 664 1117 unum
686 1071 730 1116 est
749 1058 834 1127 ovile,
852 1069 882 1116 et
901 1057 1020 1136 proinde
1040 1077 1152 1116 summa
1171 1058 1267 1133 aliqua

47 1157 243 1215 auctoritate
257 1175 355 1214 omncs
370 1156 399 1213 in
413 1148 502 1213 unu'm
523 1157 691 1214 conveniant
710 1174 827 1214 necesse
850 1166 902 1213 est
946 1156 1014 1214 Non
1035 1156 1182 1213 hominum
1202 1174 1267 1233 per·

49 1254 157 1314 tnisit
169 1253 285 1313 arbitrio
296 1246 356 1311 rem
370 1271 408 1311 ex
422 1261 520 1326 qua-et
532 1252 599 1310 fidei
612 1254 767 1330 integritas,
782 1263 811 1311 et
825 1252 997 1313 Christianae
1011 1252 1173 1330 reipublice
1189 1252 1265 1311 salus

50 1350 199 1433 omniuo
221 1348 334 1426 pendet,
357 1348 408 1407 sed
433 1349 495 1425 ipsc
520 1349 655 1407 unitatem
679 1349 784 1417 statuit,
808 1360 892 1425 prout
915 1349 1104 1426 pulcherrime
1129 1348 1267 1426 exposuit

55 1446 255 1524 Cyprianus.
263 1438 273 1501 .'
297 1444 381 1513 Quod
402 1456 495 1503 autam
518 1445 731 1528 Episcopurum¹
743 1445 773 1503 in
786 1445 847 1502 suis
861 1444 1028 1503 discessibus
1049 1444 1267 1505 administratio·

42 1536 144 1603 'nem
163 1541 283 1601 liberam
304 1560 369 1600 esse
389 1540 573 1609 contenderit,
595 1541 648 1599 soli
671 1539 735 1599 Deo
756 1539 897 1600 reddenda
917 1541 1034 1608 mucre,
1049 1543 1171 1618 pertinet
1183 1541 1219 1601 sd
1232 1560 1267 1609 aa

55 1658 140 1713 qum
150 1637 235 1699 nulla
249 1637 344 1703 diuina
357 1637 420 1714 lege
432 1637 661 1705 determinantur,
673 1654 726 1695 nec
737 1654 872 1713 supremo
885 1636 981 1708 aliquo
994 1637 1134 1703 Ecclesiae
1144 1637 1265 1714 judicio.

61 1738 148 1805 Qua
162 1736 243 1795 enirn
262 1737 393 1813 leguntur
407 1737 563 1813 inscriptis
577 1735 612 1793 de
627 1736 759 1812 baptismi
779 1730 935 1801 iteratione,
950 1736 1057 1810 optime
1073 1734 1267 1809 intelliguntur

63 1835 177 1915 exiis,
192 1820 268 1908 quse,
281 1845 383 1917 pacato
402 1835 507 1904 auimo,
528 1835 735 1912 protulit,·dnm
749 1834 784 1893 de
799 1854 869 1912 pace
890 1845 918 1892 et
932 1835 1015 1892 venia
1037 1834 1152 1892 machis
1176 1834 1267 1893 danda

66 1933 211 2011 scripsit:
254 1933 325 1997 “Et
343 1923 460 2012 quidem
479 1928 554 2010 a'pud
575 1945 768 1991 antecessores
794 1944 906 1991 nostros
927 1932 1101 2005 qnidamde
1122 1932 1268 2009 episcopis

68 2030 140 2091 istic
150 2030 183 2089 in
194 2029 342 2107 provincia
351 2039 447 2088 nostra
458 2027 579 2088 dandam
594 2046 694 2107 pacem
708 2029 824 2088 machis
836 2048 894 2089 non
906 2041 1082 2107 putaverunt,
1094 2039 1124 2088 et
1136 2032 1267 2089 intotutu

72 2127 251 2207 penitentie
264 2122 357 2197 locum
373 2136 470 2185 contra
483 2125 617 2185 adulteria
629 2126 799 2193 clauserunt,
814 2144 873 2185 non
893 2137 987 2187 umen
1001 2127 1267 2203 accepiscoporum

76 2242 197 2289 suumin
210 2223 331 2301 collegio
342 2233 539 2305 recesserunt,
554 2232 602 2281 ant
616 2221 771 2299 Catholicae
785 2223 924 2282 Ecclesiae
938 2223 1072 2289 unitatem
1087 2223 1133 2281 vel
1147 2222 1266 2291 duritie,

79 2323 122 2387 rel
135 2338 267 2381 censurae
285 2339 343 2378 sna
363 2321 550 2379 obstinatione
571 2330 723 2398 ruperuntr
745 2331 776 2379 ut
789 2322 856 2395 quia
875 2320 951 2397 apud
971 2321 1043 2379 alios
1064 2320 1197 2380 adulteris
1211 2339 1268 2398 pax

83 2418 206 2489 dabatur,
223 2419 273 2493 qui
287 2437 344 2477 non
358 2416 441 2477 dabat
453 2418 488 2476 de
503 2419 639 2479 Ecclesia
651 2430 838 2496 separaretur.
880 2420 1016 2477 Manente
1036 2419 1193 2478 concordie
1209 2420 1268 2476 vin·

72 2517 144 2597 'culo
154 2526 185 2575 et
198 2525 396 2593 perseverante
409 2514 565 2575 Catholicae
576 2514 716 2574 Ecclesia
726 2514 871 2573 individuo
882 2525 1067 2582 sacramento,
1080 2526 1172 2572 actum
1183 2533 1268 2572 suum

10 2646 14 2655 ·
87 2611 208 2691 disponit
220 2622 249 2671 et
261 2600 357 2690 dirigit
369 2613 564 2685 unusquisqne
579 2613 753 2688 Episcopus,
769 2613 906 2670 rationem
920 2611 1059 2688 propositi
1073 2611 1118 2668 sni
1141 2608 1268 2668 Domino

10 2740 13 2799 p
88 2709 290 2770 acutarum

10 2802 14 2875 l
124 2806 191 2886 ooj.
206 2810 236 2864 4.
259 2804 383 2864 Nonnisi
396 2804 522 2863 seeundo
536 2805 675 2863 Ecclesia
689 2804 795 2862 saeculo
809 2803 949 2881 Episcopi
971 2804 1043 2862 inter
1057 2821 1089 2861 sc
1103 2804 1267 2862 societatem

10 2894 13 2967 l
90 2901 215 2972 isiarunt,
230 2904 456 2981 Amphyctiones
470 2903 580 2973 imitati,
597 2905 646 2976 qni
660 2900 801 2960 sederatis
813 2902 927 2964 urbibus
940 2902 1061 2962 Graeciae
1074 2903 1267 2962 consulebant.

10 2974 14 3041 l
92 2996 160 3060 Hinc
172 3001 285 3060 urbium
300 2980 502 3077 praecipuarum
517 3000 641 3058 maxime
659 2999 753 3058 habita
766 3009 810 3058 est
823 3000 917 3058 ratio-²

10 3044 19 3197 l
120 3094 210 3174 Rssp.
233 3093 328 3154 Gratis
342 3096 457 3172 lingitur
470 3096 531 3153 hec
548 3096 755 3155 Ecclesiasticae
769 3096 980 3156 communionis
995 3097 1085 3174 origo,
1097 3115 1161 3170 que
1172 3096 1267 3173 potius

10 3202 13 3297 p
90 3209 122 3252 ax
134 3193 244 3253 Christi
258 3193 408 3259 voluntate,
424 3205 454 3250 ut
467 3212 573 3251 omnes·
587 3212 675 3251 unum
696 3193 796 3262 forent,
811 3205 862 3253 est»
871 3193 1032 3271 repetenda.
1075 3192 1143 3252 Non
1156 3194 1268 3251 urbium

46 3326 49 3333 ·
91 3287 211 3368 dignus
219 3290 373 3366 Episcopis
388 3290 483 3347 tribuit
501 3290 692 3347 auctoritatem
715 3291 862 3366 majorem,
877 3289 928 3347 aed
947 3308 1061 3356 summo
1078 3288 1198 3346 consilio
1211 3285 1269 3345 Dei

91 3389 201 3466 mndgit
211 3398 245 3445 ut
257 3387 307 3460 qui
319 3386 590 3462 majorcoustitutus
607 3385 658 3442 luit
675 3386 747 3443 inter
759 3386 924 3462 Apostolos,
939 3386 968 3443 in
984 3385 1053 3442 urbe
1066 3384 1178 3461 imperii
1194 3383 1269 3461 prin·

92 3484 148 3562 cipe
168 3483 337 3550 consideret,
358 3483 479 3541 caelestis
500 3467 671 3559 reipublice,
692 3482 769 3539 civili
789 3482 873 3558 longe
894 3481 1104 3558 prestantioris,
1126 3482 1269 3561 positurus

91 3579 276 3641 fundamenta.

128 3677 195 3758 obj.
211 3681 240 3735 b.
262 3677 400 3736 Ecclesiae
415 3695 477 3749 quae
491 3687 575 3753 caput
595 3686 691 3735 tenent
705 3673 850 3733 Christum
872 3674 961 3735 instar
981 3683 1022 3754 tot¹
1042 3673 1210 3733 familiarum
1224 3675 1270 3737 vel

88 3773 228 3833 civitatum
243 3774 344 3835 inuno
358 3791 445 3848 regno
459 3791 490 3830 se
505 3773 617 3830 habent.
935 3772 937 3779 ’

10 3846 13 3907 l
125 3872 213 3952 Reop.
233 3871 362 3931 Familiae
372 3871 416 3927 vel
427 3872 553 3928 civitates
565 3872 595 3929 in
606 3870 876 3946 unumcorpusnon
890 3869 1060 3935 coalescunt,
1070 3868 1126 3928 nisi
1137 3886 1270 3946 suprema

88 3970 217 4047 quadarn,
232 3989 316 4044 quam
337 3979 493 4048 agnoscunt
512 3988 622 4047 ornnes,
645 3969 815 4027 auctoritate.
858 3967 901 4026 Ita
914 3968 945 4027 iu
959 3967 1089 4025 Ecclesia
1109 3966 1269 4029 necessario

86 4066 328 4147 agnoscendaest
348 4082 459 4124 summa
479 4065 607 4139 quedam
629 4075 753 4143 potestas
775 4083 831 4138 qua
852 4060 1126 4143 singuloe'diaceses
1140 4064 1169 4123 in
1183 4080 1269 4121 unam

85 4164 288 4242 rempublicam
304 4156 495 4221 Christianam
509 4161 677 4231 coalescant.
721 4160 789 4217 Non
802 4158 908 4217 sufficit
919 4157 1116 4220 ut'Christum
1128 4178 1160 4218 se
1175 4169 1269 4217 tenere

396 4373 432 4433 (l)
451 4371 495 4435 Ep.
507 4371 544 4420 52.
557 4387 579 4435 p.
591 4370 644 4420 127.
657 4370 701 4419 Ed.
712 4369 776 4417 Wir.

393 4455 429 4515 (Ξ)
447 4454 509 4503 Vide
521 4453 693 4502 bloalremiurn.
706 4453 760 4501 hist.
774 4451 841 4501 Ercl.
852 4454 913 4501 Sar.
922 4453 945 4502 2.
957 4470 1006 4516 par.
1017 4453 1040 4500 9.
1055 4511 1057 4517 Ι
