2768 5032
508 242 563 303 ne
584 242 692 301 enon
716 216 902 302 nomini.
1245 244 1300 301 reo

110 402 244 464 n'omioet'
256 392 424 479 Apostolum
440 413 496 458 non
511 400 609 466 officit,
624 402 653 458 in
674 412 820 478 comperto
834 401 941 478 quippe
950 412 999 459 eat
1020 412 1172 474 utramque
1185 401 1215 459 in
1235 400 1298 458 suo-

111 499 203 557 danda
224 498 276 557 illa*
294 498 426 572 Edplesia
441 498 600 575 laborasse,
616 507 787 575 quapropter
808 509 837 555 et
858 499 987 576 episcopi
1007 500 1069 576 ejus
1090 498 1158 556 disti
1176 508 1243 556 sunt
1263 499 1297 555 ab

111 595 276 673 Epiphanio
287 602 310 653 :¹
330 595 408 669 quod
421 596 446 652 e'i
458 598 598 672 urg'eetnr,
613 614 697 668 quam
716 595 875 653 habuerunt
891 606 1014 671 potestas
1029 597 1058 652 in
1073 611 1170 653 eorum
1186 612 1299 652 sucees-

110 712 175 751 sore
189 693 368 770 agnoscenda
387 695 448 750 erit
491 691 634 750 Ceterum
654 692 903 768 Petrnmspeeiali
923 693 1003 749 titulo
1024 693 1203 769 Episcopum
1221 691 1297 749 illius

110 790 252 849 Euoleeim
273 790 366 848 fuisse
376 775 433 847 tota
444 788 560 866 agnovit
572 789 731 861 antiqnitae
739 789 911 854 Christiana,
921 790 1093 865 quapropter
1113 788 1223 845 “loeus
1244 786 1300 845 Pe'·

108 885 225 955 tri‚”⁸·“
236 886 351 963 propria
365 885 498 953 sedes,”⁸
510 896 530 922 ¹·
540 884 672 943 cathedra
686 884 811 952 Petri,”⁴
826 883 938 941 “sedes
955 885 1048 943 Roma
1062 883 1175 942 Petri”⁸
1188 883 1296 960 passim

83 1010 87 1015 -
108 974 274 1053 eelebratur,
315 982 411 1050 Quum
424 983 605 1059 igiturl’etro
617 983 754 1058 primatus
770 981 810 1038 sit·
819 999 974 1038 concessus
985 980 1020 1038 ad
1031 980 1097 1039 fidei
1110 992 1139 1055 et
1151 968 1297 1056 regiminis

107 1077 398 1147 unitatemtuendam,
409 1072 574 1155 Epieoopne
584 1077 730 1136 Romarnm
741 1077 861 1155 quiajos
871 1075 1168 1144 tenetloeum,eodem
1178 1074 1298 1152 gaudeat

107 1192 226 1234 neeesse
238 1187 292 1233 est.
312 1173 442 1249 quredit
452 1186 547 1251 aperte
558 1173 683 1233 ireneus
697 1172 837 1233 Eoolesie
847 1173 983 1233 Romana
995 1174 1185 1250 potentiorem
1194 1173 1298 1250 prinei·

106 1262 250 1349 palitatem
266 1272 410 1339 tribueoe;
432 1270 507 1353 quod
523 1272 599 1329 enim
614 1290 676 1330 earn
691 1270 726 1328 de
740 1271 818 1329 urbis
831 1270 909 1328 oivili
923 1270 1137 1353 preemitrentie
1152 1270 1297 1347 explicare

109 1370 198 1427 velint
212 1369 415 1436 Protestantee,
431 1369 488 1427 vim
503 1368 679 1445 manifestam
694 1368 783 1427 textui
797 1368 890 1436 insert,
904 1386 993 1441 quum
1008 1366 1044 1426 de
1057 1367 1199 1426 Eoelesiae
1211 1368 1298 1444 priri·

107 1467 205 1545 legiis,
219 1465 293 1527 hand
313 1465 348 1523 de
369 1465 446 1545 urbis
464 1466 624 1542 principatu
640 1466 813 1534 disserenat
831 1467 968 1525 rationem
986 1465 1121 1543 adjungat
1136 1483 1200 1539 quat
1218 1464 1297 1524 uirili

108 1562 280 1641 prineipatni
303 1581 361 1621 non
385 1571 481 1639 potest
493 1562 647 1622 ullatenus·
666 1579 830 1639 congruere.
874 1561 1020 1621 Ridendos
1043 1580 1074 1620 se
1090 1563 1226 1639 ‘prebent
1247 1562 1297 1636 qul

104 1657 207 1725 fideles
222 1658 346 1720 Romam
360 1659 436 1718 adire
450 1658 562 1727 debere,
578 1671 720 1732 tamquam
735 1659 848 1736 imperii
862 1659 973 1727 sedem,-
985 1659 1199 1728 oontendente's,
1215 1678 1296 1739 argu·

106 1765 234 1815 uentum
245 1755 350 1816 irenaei
362 1755 428 1816 inde
442 1755 561 1814 derivari
576 1766 675 1833 putant
688 1753 765 1830 quod
775 1741 888 1816 ¹traditio
899 1757 1027 1815 omnium
1039 1755 1227 1831 undequaque
1241 1756 1296 1816 hae

102 1840 214 1919 ndens
227 1852 398 1911 innotuerit:
419 1871 508 1926 quum
523 1860 616 1930 pateat
627 1852 685 1911 vim
696 1862 782 1911 totam
794 1852 951 1928 argtrmenti
962 1852 1103 1929 raepieere
1115 1851 1292 1912 traditionem

104 1948 300 2026 alt-Apostolis'
313 1964 366 2026 per
375 1948 539 2026 Episcopus
554 1949 776 2025 pervenientem,
789 1966 875 2022 quarn
886 1947 1060 2013 iuRomena
1074 1942 1293 2016 Eoolssis,oum

73 2078 76 2083 .
105 2048 271 2118 qna'omnes
280 2044 467 2118 undequaque
479 2045 627 2107 Eoelesiae
638 2046 798 2108 necessario
806 2044 1024 2112 eonomiebnnt,
1032 2045 1137 2102 serrari
1146 2044 1294 2123 integram,

102 2142 181 2201 etab
200 2142 334 2201 omnibus
354 2142 489 2225 agnitam,
503 2142 685 2202 demonstrat
720 2142 783 2210 Qui
805 2142 958 2202 convenire
978 2161 1030 2219 pro
1050 2141 1149 2223 itinere
1171 2141 1294 2201 Romam

102 2237 267 2317 peragendo
285 2237 435 2314 aeoipiuut,
451 2239 634 2297 vehementer
652 2239 793 2305 falluntur,
809 2257 862 2296 nee
881 2240 958 2297 enim
977 2239 1014 2296 ob
1033 2238 1111 2298 urbis
1135 2237 1295 2316 amplitudi-

104 2352 184 2403 nem,
199 2334 244 2419 vel
263 2334 301 2393 ob
322 2334 462 2392 Ecclesia
483 2335 574 2412 ipsius
595 2334 771 2412 dignitatern,
786 2346 1052 2407 anquam‘neoesee
1072 2334 1125 2407 suit
1143 2344 1176 2391 nt
1195 2333 1293 2401 fideles

103 2431 295 2506 undequaque
316 2431 439 2490 Romam
460 2433 543 2509 irent,
557 2446 611 2516 nee
631 2432 758 2491 lrenaeus
772 2431 808 2491 ed
827 2433 925 2491 urbem
945 2432 1069 2490 eundum
1091 2431 1173 2500 dicit,
1184 2431 1240 2515 sed!
1256 2433 1296 2491 ad

103 2527 273 2587 Ecclesiam
284 2528 461 2596 conventre?
471 2529 622 2606 interprete
636 2529 739 2589 Latino
752 2528 962 2599 Hellenismum
974 2537 1113 2594 servante,
1125 2546 1183 2600 quo
1193 2526 1294 2587 intima

101 2626 268 2704 munatio
281 2635 311 2685 et
326 2627 478 2694 consensio
492 2626 558 2685 fidei
576 2628 760 2705 significatur.
796 2628 853 2696 Qui
867 2646 967 2687 vocem
983 2636 1003 2663 ‘¹
1014 2625 1160 2699 undique'’
1180 2626 1217 2684 ad
1236 2612 1293 2687 Ee·

99 2724 205 2783 elesias
221 2725 252 2782 in
271 2724 349 2782 urbis
364 2725 450 2782 veluti
465 2725 582 2782 eireuitu
605 2727 711 2801 positas
733 2726 899 2802 restringere
920 2725 1027 2790 volunt,
1047 2721 1128 2780 haud·
1145 2723 1292 2787 attendunt

102 2804 196 2881 seces,
208 2820 400 2897 amplissimas
418 2821 453 2877 ab
474 2818 584 2878 Irenaeo
595 2819 740 2878 adhiberi:
764 2829 909 2879 “omnem
930 2820 1114 2880 Ecclesiam”
1139 2819 1225 2898 “hoo
1239 2830 1293 2888 est,

99 2935 155 2976 eos
169 2917 218 2990 qui
232 2926 298 2975 sunt
311 2916 436 2990 undique
450 2916 597 2974 fidelee.”⁷
630 2917 704 2995 Rem
718 2917 840 2975 illustrat
851 2915 972 2974 adduam
982 2917 1116 2993 exenrplo
1128 2916 1288 2985 Clementis

101 3014 392 3094 quiverinthiortim
414 3012 500 3071 fidem
521 3032 650 3090 reparare
672 3013 789 3080 studuit,
808 2998 950 3072 Eeolesioe
971 3015 1108 3073 Romame
1131 3013 1291 3073 traditione.

100 3114 241 3183 Quamvis
255 3123 348 3170 autem
362 3111 488 3170 Irenaeus
503 3113 696 3170 auctoritatem
710 3110 795 3189 hnjns
811 3110 950 3170 Ecclesiae
965 3132 1064 3190 urgere
1080 3133 1137 3172 non
1153 3112 1289 3180 videatur,

134 3290 173 3352 (l)
188 3290 223 3340 ‘Bt
240 3289 311 3352 ‘Palm
326 3292 368 3353 γάρ
378 3286 476 3353 >eptitatos
489 3292 570 3353 rupisset
585 3296 659 3353 nupt
669 3287 710 3340 ui
726 3269 843 3343 trained«
859 3298 961 3346 tuamet
971 3289 1034 3341 dorsi
1049 3288 1088 3340 eal
1100 3287 1228 3350 linirem,
1237 3282 1291 3338 ime

97 3391 164 3435 m,
174 3374 241 3436 Λᾶν..
249 3373 393 3437 Carpoerat
404 3372 464 3421 her.
474 3371 514 3422 27.
526 3389 551 3422 n.
561 3373 585 3421 5.

136 3454 176 3517 (2)
189 3454 214 3504 S.
223 3455 299 3520 cypr.
309 3469 340 3517 ep
352 3453 382 3503 ad
394 3454 528 3503 Antoniam.
658 3488 661 3493 -

136 3535 175 3600 (3)
182 3532 215 3607 ,8.
225 3529 313 3588 Petrus
323 3536 412 3602 Chrys.
423 3526 503 3585 lade.
516 3524 622 3600 Eutyeli.

135 3618 175 3682 ll)
190 3618 335 3670 §.nisam
349 3619 498 3671 Damasum.
572 3640 574 3645 ·
596 3629 599 3633 ·

134 3704 172 3767 (5)
189 3702 216 3754 S.
225 3702 367 3767 Prosperin
378 3714 455 3755 earm.
466 3701 497 3752 de
508 3701 621 3766 ingratis.
643 3728 647 3733 =
735 3688 755 3737 '—
792 3696 796 3703 ’
902 3694 904 3701 ’
1003 3746 1006 3751 ,

132 3788 170 3848 (6)
185 3786 332 3839 voa-imile
342 3770 380 3836 eal
389 3787 426 3838 sie
437 3786 555 3849 seriptum
569 3785 594 3835 in
606 3782 683 3860 teitu,
697 3784 738 3848 qni
747 3780 802 3850 jam
813 3801 862 3834 non
873 3793 955 3836 extat:
970 3804 1015 3862 ’γαρ
1033 3791 1090 3859 ,φάς
1101 3792 1146 3860 em
1163 3784 1289 3862 tanqam

88 3896 191 3951 ,impr
207 3883 251 3935 dm
264 3883 293 3933 ri
301 3896 303 3901 ’
310 3880 435 3947 ὑπρρὴρον
445 3878 561 3948 κρωτῖιον
572 3879 607 3931 ta
620 3893 702 3943 stortae¹
709 3881 981 3947 irremotamseptdowrw
992 3889 1051 3932 ts'ro
1064 3879 1097 3943 ὶςι
1114 3894 1155 3940 sss
1171 3886 1288 3941 rtlrro>rv

93 3983 167 4032 (ηας
182 3983 342 4030 mmmm.
375 3964 512 4015 Salmaeine
524 3964 614 4014 fatetur
626 3963 750 4014 Irenaeum
762 3965 903 4030 significare
914 3981 1014 4017 neeesse
1024 3980 1079 4014 esee
1098 3962 1251 4016 “eonvenite
1262 3973 1287 4016 et

95 4057 246 4119 eoneprdnre
257 4055 284 4106 in
295 4057 367 4106 rebus
377 4056 434 4133 fidei
445 4073 503 4107 cum
515 4057 628 4107 Eoelesia
639 4055 776 4127 Romapa.”
794 4057 833 4106 De
844 4056 951 4122 primatu
959 4055 1053 4135 Papo.
1061 4058 1084 4106 5.
1091 4074 1114 4122 p.
1123 4034 1154 4108 65
1165 4060 1196 4108 ed
1207 4058 1288 4124 Luqd

141 4151 158 4194 t.
183 4142 240 4194 ute.
630 4148 632 4152 ‘

98 4143 301 4290 Blhltiueritur
312 4226 396 4277 White
407 4233 422 4257 ‘⁸
430 4227 536 4290 ubique”
548 4244 563 4276 a
574 4227 710 4276 Catholicis
726 4226 886 4276 substitutum
898 4231 926 4283 ut
936 4225 1006 4289 noeis
1021 4199 1181 4303 ampliaretur
1192 4224 1287 4289 signifi·

88 4311 166 4370 catio,
178 4302 222 4361 sed
236 4325 309 4363 voees
326 4310 485 4383 amplissime
502 4325 557 4358 eam
571 4309 625 4374 jam
643 4309 816 4359 determinant.
844 4308 874 4358 In
895 4308 992 4358 codices
1008 4308 1085 4373 igitur
1101 4307 1231 4358 referenda
1247 4314 1285 4356 est

92 4394 208 4445 varietas.
230 4393 293 4452 Qne
305 4395 336 4445 de
346 4392 505 4443 conveniendi
520 4407 595 4450 sensu
605 4391 673 4451 dicit,
683 4408 714 4440 ax
727 4386 841 4443 oonlext'u
859 4389 1010 4451 refelluntur,
1018 4397 1087 4440 totus
1103 4390 1170 4441 enim
1181 4396 1219 4438 sat
1235 4387 1287 4437 Ire-

87 4492 164 4528 nasas
173 4484 203 4528 ut
212 4475 339 4527 hereticos
348 4474 487 4525 traditionis
496 4474 627 4524 eoncordia
637 4475 730 4534 obruat.
758 4474 841 4551 erits
854 4473 951 4546 Diam.
963 4489 995 4523 on
1006 4472 1048 4521 t'lrs
1058 4472 1171 4521 catholic
1183 4469 1284 4527 chnrolr,

93 4560 188 4627 pm.
