2738 5032
85 281 140 335 lec
376 272 432 332 DE
454 268 672 330 ECCliESlAE
695 268 974 328 SANCTITA'I'E.

122 434 211 514 Resp.
233 431 380 501 Quosdam
393 451 430 491 ex
444 433 479 490 iis
493 432 541 505 qui
556 430 690 509 dignitate
711 429 888 506 prestabant,
904 428 979 486 vitiis
1000 427 1162 501 inquinatos
1179 425 1270 484 fuisse

83 552 141 592 non
155 531 329 590 inficiamur:
349 540 480 587 caetenrm
495 546 643 598 numerum
659 527 799 584 immenso
814 525 879 601 plus
892 535 995 602 augent
1008 524 1147 603 Ecclesiae
1160 522 1269 581 hostes.

84 631 180 688 Series
195 646 370 687 summorum
392 627 574 685 Pontificium
597 625 734 702 plurimos
749 623 864 681 exhibet
878 624 977 681 virtute
992 622 1123 689 illustres,
1140 620 1271 694 quamvls

84 746 122 785 ex
145 738 304 803 temporum
329 725 485 783 calamitate
509 724 539 780 in
563 722 660 780 sedern
685 731 810 781 sanctam
835 720 963 779 nonnulli
987 720 1086 778 intrusi
1111 719 1170 776 sint
1194 727 1271 775 tanto

83 842 200 881 munere
215 821 334 900 indigni.
346 819 421 893 quod
436 819 541 876 saeculo
549 817 672 884 decimo,
684 829 712 874 et
722 815 884 883 undecimo,
894 815 1010 875 Tusciae
1017 814 1216 872 marchionum
1227 810 1270 868 rel

87 918 186 978 Rome
210 929 393 994 tyrannorum
411 916 449 982 ri,
471 912 621 987 aliqnando
635 913 761 990 contigit.
803 911 946 969 Caeterum
969 911 1046 968 Petri
1067 909 1222 986 “dignitas
1235 907 1270 964 ⁴iu

85 1014 203 1091 indigno
216 1012 328 1070 herede
343 1030 400 1069 non
414 1009 542 1077 deficit‚”
557 1009 597 1067 uti
610 1008 729 1085 pulchre
743 1007 983 1066 animadvertitfl.
999 1007 1059 1064 Leo
1074 1006 1132 1064 M.¹
1150 1005 1272 1081 ipseque

87 1111 220 1170 Christus
235 1111 344 1169 monuit
358 1128 407 1166 eos
423 1109 470 1181 qui
486 1125 572 1184 super
590 1104 750 1163 cathedram
772 1105 887 1182 Moysis
908 1103 1009 1162 sedent
1025 1102 1182 1161 audiendos
1193 1099 1273 1169 esset

87 1208 141 1265 etsi
154 1206 323 1283 documenta
337 1222 447 1262 morum
461 1220 526 1275 qua
539 1192 650 1258 tradunt
664 1219 720 1259 nou
734 1210 856 1259 servent.
899 1199 969 1267 Qoae
984 1201 1090 1275 absque
1108 1197 1273 1256 discrimine

87 1304 122 1362 de
142 1304 310 1380 Episcopis‚
331 1301 541 1365 Sacerdotibus,
562 1298 699 1370 laicisque
721 1309 892 1365 asseruntur,
914 1298 1031 1355 historia
1051 1307 1080 1354 et
1099 1295 1275 1373 experientia

87 1402 261 1468 refelluntur,
273 1409 383 1457 constat
394 1397 501 1473 quippe
512 1396 706 1454 sanctissimos
720 1397 848 1454 extitisse
860 1396 935 1453 viros
947 1396 996 1468 qni
1008 1394 1104 1453 omnia
1115 1391 1275 1451 Christiani

89 1498 215 1557 hominis
230 1514 349 1553 munera
361 1493 557 1570 expleverunt,
572 1509 679 1565 eosque
693 1492 847 1550 etiamnum
862 1511 920 1550 non
934 1491 1035 1550 deese:
1057 1488 1136 1548 “sed
1150 1487 1277 1547 vestrum

90 1591 226 1650 oculum”
248 1591 289 1649 uti
302 1588 498 1648 animadvertit
509 1588 579 1647 olim
593 1589 780 1667 Augustinus,
795 1589 973 1647 Manichacus
988 1576 1153 1661 alloquens,'
1163 1585 1278 1644 “male-

91 1690 171 1748 volus
185 1708 263 1748 error
276 1690 305 1749 in
320 1689 408 1747 solam
431 1688 541 1765 paleam
558 1697 661 1746 nostre
675 1687 780 1764 segetis
794 1687 885 1745 ducit:
905 1706 972 1744 nam
987 1699 1015 1744 et
1028 1687 1151 1744 triticum
1165 1685 1207 1743 ibi
1220 1681 1294 1742 eitd'

88 1786 225 1851 videritis,
237 1787 262 1843 si
276 1796 305 1843 et
316 1803 381 1843 esse
394 1783 551 1842 velletis.”¹
590 1783 728 1860 “Fruges
741 1783 772 1841 in
784 1802 863 1860 agro,
875 1783 1014 1842 frumenta
1025 1784 1054 1841 in
1065 1800 1129 1840 area
1140 1783 1276 1859 quaerite:

88 1885 262 1962 apparebunt
276 1884 367 1951 facile,
383 1902 503 1956 seseque
517 1881 636 1941 offerant
656 1883 719 1960 ipsa
732 1874 932 1956 querentibus.
973 1882 1050 1950 Quid
1063 1874 1150 1942 nimis
1166 1884 1277 1961 inpur-

88 1991 220 2057 gamentn
231 1980 332 2040 oculos
347 1979 511 2039 intenditisl
532 1977 601 2051 quid
617 1979 755 2056 abopimi
775 1979 849 2037 horti
869 1982 995 2038 ubertate
1015 1979 1147 2038 homines
1162 1983 1276 2056 sepium

89 2080 238 2156 asperitate
250 2077 377 2136 terretis?
399 2080 415 2112 ¹*
436 2078 452 2111 *
474 2078 489 2112 *
510 2075 584 2132 Sunt
594 2075 624 2133 iu
633 2063 765 2133 Ecclesia
774 2075 923 2135 Catholica
934 2077 1154 2150 innumerabiles
1164 2075 1277 2142 fideles,

88 2177 138 2250 qui
160 2177 216 2234 hoc
237 2173 342 2233 mundo
363 2191 422 2230 non
442 2181 563 2239 utantur,
585 2183 651 2230 sunt
664 2173 713 2245 qui
734 2183 856 2240 utantur,
875 2184 1018 2246 tamquam
1039 2193 1097 2231 non
1117 2170 1280 2232 utentes.”⁸

91 2272 212 2342 “Quam
234 2270 312 2331 euim
334 2268 438 2327 multos
461 2268 611 2345 episcopos
634 2269 758 2345 optimos
773 2269 848 2329 riros
868 2270 1121 2341 sanctissimosque
1142 2268 1278 2346 cognovi,

90 2387 176 2440 quam
190 2367 294 2426 multos
309 2367 502 2453 presbyteros,
513 2384 599 2438 quam
613 2367 717 2424 multos
729 2365 873 2433 diaconos,
886 2377 914 2424 et
924 2366 1137 2447 cujuscemodi
1130 2367 1278 2425 ministros

90 2464 251 2522 divinorum
266 2465 524 2529 sacramentorum,
536 2481 657 2535 quorum
669 2464 756 2533 virtus
771 2464 842 2522 mihi
857 2465 1011 2525 mirabilior
1021 2474 1048 2522 et
1061 2465 1164 2553 majorr
1155 2463 1280 2542 praedi·

89 2562 199 2620 catione
221 2560 333 2638 dignior
357 2559 476 2627 ridetur,
498 2578 555 2632 quo
579 2559 722 2618 difficilius
746 2573 790 2620 est
811 2580 874 2619 eam
896 2563 926 2620 in
949 2564 1099 2640 multiplici
1124 2564 1276 2623 hominum

90 2675 203 2735 genere,
218 2658 290 2715 etin
305 2658 357 2714 ista
369 2657 425 2713 vita
439 2655 638 2745 turbulentiore
652 2675 779 2714 servare.
801 2664 859 2715 nori
874 2659 950 2717 enirn
965 2660 1069 2717 sanatis
1085 2660 1176 2751 magis
1190 2678 1277 2733 quem

90 2756 223 2815 sanandis
242 2757 404 2818 hominibus
424 2740 559 2832 presunt
560 2754 596 2790 ”⁴
636 2755 708 2813 Haec
723 2775 787 2829 que
800 2755 835 2814 de
849 2776 902 2815 sno
917 2768 1043 2835 tempore
1057 2757 1131 2817 dixit
1144 2746 1280 2836 Augusti·

90 2873 155 2922 nus,
170 2855 274 2913 nostris
288 2853 373 2912 etiam
389 2842 562 2928 temporibus
577 2853 833 2913 accommodantur.
1133 2866 1136 2871 ’

27 3020 31 3037 Ι
59 2998 63 3005 ,
136 2953 203 3030 obj.
218 2957 248 3010 8.
270 2953 328 3019 Qui
342 2950 416 3029 apud
431 2951 595 3009 Catholicae
611 2951 797 3029 predicantur
810 2954 899 3011 sancti
915 2972 952 3010 ex
966 2954 1072 3012 incerta
1092 2954 1169 3013 sama
1182 2973 1280 3015 meros

91 3048 187 3124 adepti
201 3058 268 3105 sunt
281 3047 414 3114 honores,
426 3063 491 3105 ante
504 3048 639 3106 saeculum
648 3036 761 3129 'quippe
776 3048 976 3108 duodecimum
991 3051 1181 3110 canonizatio
1204 3052 1281 3113 Pnu-

92 3145 178 3211 tificia
198 3162 255 3203 non
275 3154 320 3200 est
338 3144 458 3211 invecta,
474 3162 536 3215 quae
554 3144 639 3200 etiam
660 3146 775 3204 nonnisi
796 3147 901 3205 seculo
923 3148 1060 3225 pronime¹
1071 3149 1173 3225 elapso
1195 3150 1280 3209 certis

90 3241 197 3325 regulis
216 3240 301 3316 caepit
320 3239 427 3319 peragi,
442 3250 500 3297 tota
519 3257 550 3296 re
570 3238 661 3297 adhuc
682 3240 823 3317 pendente
843 3245 984 3301 ex‘unius
1006 3236 1277 3324 hominis-judicio,

93 3339 169 3414 quod
184 3339 304 3417 partinln
319 3336 415 3404 studii,
431 3337 474 3394 vel
489 3337 573 3396 etiam
585 3337 675 3414 turpis
689 3337 761 3396 lueri
774 3354 832 3397 non
846 3338 925 3398 vacat
938 3336 1112 3418 suspicione.
1155 3345 1289 3407 Saeeulis'

92 3450 184 3496 antem
201 3435 302 3494 mediis
316 3444 429 3491 sanctos
444 3433 555 3492 habitos
572 3434 722 3519 plerosque
737 3436 785 3509 qui
801 3427 1006 3496 monachorum
1020 3426 1164 3498 cucullum
1179 3441 1281 3501 indue·

93 3544 166 3601 rant,
179 3544 299 3592 constat.
638 3550 640 3555 ·
1048 3516 1051 3522 ’

134 3627 222 3706 Rerp.
245 3630 385 3687 Sanctitas
407 3628 605 3705 personarum
611 3632 670 3702 qua
690 3630 826 3689 Ecclesiae
853 3632 1009 3693 vindicatur
1033 3633 1204 3701 foecunditas
1225 3655 1287 3695 norr

96 3727 201 3805 pendet
220 3745 258 3784 ex
282 3728 366 3785 unius
382 3727 541 3809 alteriusve
563 3728 681 3794 meritis,
696 3727 747 3785 sed
769 3728 836 3787 satis
856 3741 931 3805 patet
950 3731 974 3788 si
994 3731 1115 3804 liqueat
1120 3728 1283 3831 prnpipnos

1 3832 3 3838 '
100 3825 255 3902 presertim
284 3823 349 3881 fidei
378 3837 578 3901 propagatores
605 3835 634 3882 et
660 3821 803 3883 uindices
813 3827 945 3886 floruisse
975 3829 1111 3887 virtutum
1133 3808 1230 3901 lande,
1253 3843 1289 3890 et

95 3921 166 3979 alios
182 3921 260 3976 omni
278 3921 335 3978 lere
351 3921 414 3977 ritae
423 3917 597 3978 conditione
610 3921 739 3983 extitisse
753 3923 832 3979 omni
850 3923 955 3982 saeculo
969 3926 1017 3997 qui
1039 3926 1147 3984 bonum
1169 3926 1285 3988 Christi

96 4018 213 4076 odorem
228 4028 330 4074 sanctae
346 4019 409 4075 ritae
423 4018 563 4095 exemplis
584 4018 690 4090 ubique
704 4006 903 4077 diffunderent.
929 4011 931 4014 Α
946 4021 979 4080 Id
989 4035 1086 4080 ¹nutem
1101 4043 1138 4083 ex
1160 4028 1287 4086 certissi-

96 4117 154 4178 mis
173 4114 348 4172 documentis
371 4127 491 4183 constat‚
504 4126 535 4172 et
555 4114 630 4192 apud
652 4115 826 4175 adversarios
848 4119 999 4195 plerosque
1020 4093 1063 4179 est
1085 4123 1114 4180 in
1137 4112 1284 4187 eoulesso.

345 4342 424 4392 Serm.
434 4342 459 4392 Ω.
467 4346 499 4394 de
510 4332 627 4410 assumpt.
637 4363 681 4396 sua
693 4347 724 4399 ad
740 4346 829 4398 Pontis.

348 4425 440 4475 Contra
452 4426 580 4489 Faustum,
590 4429 606 4478 l.
617 4447 647 4488 v..
659 4447 679 4479 c.
689 4424 721 4480 xi
796 4444 800 4449 '

293 4342 315 4402 (l

293 4424 320 4485 (9

320 4345 329 4396 )

321 4429 330 4485 )
1018 4447 1022 4454 .

292 4506 1092 4577 <)Anglrd0m011uusncett]athcxxxvwtttttl
1174 4530 1189 4543 ⁴
1273 4560 1276 4567 ·

184 4592 188 4596 '
288 4591 622 4654 (d)1b..cxxxii..colill.
