2738 5032
451 248 508 309 Illi
529 248 649 309 MODO
669 246 871 309 DOGENDI.
1191 252 1252 311 208

67 406 210 486 uljunxit.
249 406 315 467 Jam
337 404 404 466 rard
428 406 582 466 ridendum
610 416 703 465 utrum
722 406 800 483 leges
824 408 950 467 statuerit
973 408 1075 482 quibua
1097 417 1251 485 regeretur,
1362 398 1367 405 ’

69 523 178 578 easque
192 502 297 581 scripto
312 505 455 578 reliquerit
468 505 663 582 consignatas:
680 504 725 562 v'el
738 504 850 580 plenam
861 505 902 562 eis
915 504 1177 563 seceritlacultatem
1192 525 1253 564 orn·

68 586 118 661 aia
131 618 184 659 suo
197 602 310 659 arbitrio
323 600 496 659 moderandi.
539 601 661 659 Constat
673 601 780 658 monita
793 599 928 677 legesque
941 602 984 659 eis
998 602 1063 659 virs
1078 620 1147 661 voco
1160 600 1261 670 datas‚'

68 717 140 772 quas
153 699 270 757 omnino
283 700 366 772 sequi
380 697 523 771 deberent,
537 717 591 758 nec
604 699 681 761 enim
702 699 861 763 hominum,
871 697 1057 766 dominatum,
1071 699 1122 758 sed
1143 700 1189 758 sul
1210 701 1253 777 ip-

71 796 134 855 sius
147 796 298 872 imperium
312 795 445 855 Christus
459 797 572 854 statuit:
613 796 690 854 Eum
702 806 795 854 autem
810 795 850 854 nil
863 796 1000 872 scriptum
1010 796 1161 869 reliquisse
1171 815 1252 872 reque

71 892 250 969 exploratum
262 902 315 951 est.
356 893 421 960 Qua
433 894 517 971 igitur
529 893 637 953 ratione
650 893 793 953 consuluit
805 892 953 969 veritatum
970 911 1042 966 quaa
1059 892 1175 952 tradidit
1187 912 1254 953 eoo·

72 990 225 1049 cenationi
237 999 266 1047 et
278 990 493 1068 propagationil
533 988 661 1049 Jnssitne
674 990 774 1049 saltem
788 1000 820 1051 ιιι
832 991 888 1067 ipsi
901 990 1066 1058 scriberent,
1083 1008 1188 1064 sasque
1209 991 1253 1050 sic

65 1087 107 1150 ad
126 1098 263 1165 posteros-
276 1089 481 1151 remotissimos
500 1089 622 1166 integras
642 1088 882 1149 sammitorontt
922 1088 1020 1166 liujus
1039 1089 1179 1166 jussionis
1199 1108 1254 1148 nec

73 1185 145 1255 vola,
160 1204 215 1244 neo
228 1187 387 1264 vestigium.
430 1186 505 1244 Viva
518 1204 588 1245 voce
601 1182 755 1265 Apostolos
768 1184 891 1255 edocuit.
903 1186 1002 1260 sisque
1014 1186 1044 1244 in
1053 1184 1192 1245 mandatis
1205 1186 1254 1245 de·

72 1281 122 1352 dit,
137 1292 168 1341 ut
181 1280 246 1356 quo
259 1283 414 1343 didicerant
425 1282 618 1361 praedicarent,
632 1302 665 1342 aa
678 1301 794 1361 semper
806 1282 967 1343 adiuturum
986 1282 1136 1360 pollicens.

496 1520 499 1529 Ι
559 1462 731 1513 mosomio
751 1463 772 1505 1.

84 1600 317 1661 Praedicatione
331 1601 488 1682 Apostolici
503 1600 661 1670 ministerii,
676 1600 791 1679 publica
800 1600 918 1661 scilicet
919 1570 1089 1673 e'tconcordi
1100 1594 1254 1681 presulum

74 1696 211 1758 Ecclesia
226 1688 361 1770 doctrina,
376 1700 509 1759 Christus
523 1716 623 1759 omnes
637 1716 689 1813 per
701 1696 798 1757 omnia
811 1698 915 1797 secula
927 1698 962 1757 de
973 1700 1135 1761 veritatibus
1148 1698 1255 1759 revela·

75 1786 110 1855 lis
123 1796 236 1855 edoceri
249 1798 346 1857 voluit
723 1806 728 1813 '

106 1892 273 1953 mprooator
294 1894 363 1953 Εο
355 1913 419 1973 ipso
440 1874 584 1955 momento
598 1912 655 1967 quo
669 1891 704 1951 ad
718 1892 802 1951 caelos
823 1900 882 1950 erat
906 1910 1086 1960 ascensurus,
1100 1894 1255 1971 Apostolos

74 1990 211 2051 allocu'tus
227 2001 287 2049 est:
324 1990 427 2049 Data
439 2003 482 2050 est
495 1992 565 2051 mrlu
579 1991 672 2050 omnis
675 2000 808 2068 potestas
818 2008 848 2049 ιιι
858 1990 939 2059 caelo
952 2000 980 2049 et
990 2010 1021 2049 ιιι
1034 2000 1116 2048 terra
1144 1991 1256 2049 Euntes

70 2080 147 2168 ergo
155 2088 255 2146 docete
276 2100 376 2147 ornnes
390 2098 498 2166 gentes,
513 2090 687 2165 baptizantes
701 2108 751 2147 eos
771 2089 801 2177 in
822 2089 938 2150 nomine
958 2089 1062 2158 Patris,
1077 2099 1106 2148 et
1119 2088 1207 2157 Filii,
1222 2098 1258 2147 et

70 2178 200 2263 Spiritus
215 2184 330 2242 Sancti:
353 2185 486 2265 docentes
500 2202 550 2242 eos
565 2198 679 2247 servare
690 2185 787 2242 omnia
806 2204 992 2260 quecumque
1012 2186 1144 2245 mandavi
1164 2186 1256 2245 vobis.

65 2278 113 2361 Et
127 2298 194 2337 eece
212 2298 265 2358 ego
279 2281 425 2339 vobiscum
448 2298 511 2339 sum
535 2279 667 2338 omnibus
689 2279 798 2355 diebps,
813 2298 904 2354 usque
924 2281 959 2339 ad
979 2278 1256 2343 consummationem

65 2374 203 2434 saecnli.’'
206 2379 217 2410 ¹
256 2376 348 2435 Marci
361 2375 472 2455 decimo
486 2386 567 2434 sexto
581 2375 672 2451 capite
688 2374 893 2435 mandatum'
869 2395 911 2435 sto
931 2377 1067 2436 refertur:
1111 2387 1131 2415 ⁸⁴
1144 2377 1255 2438 Euntes

66 2472 101 2534 in
117 2472 255 2533 mundum
270 2470 433 2533 universum
447 2472 595 2551 praedicate
607 2472 795 2551 Evangelium
810 2475 888 2533 omni
902 2472 1082 2535 creaturae.”¹

112 2570 186 2629 Haec
200 2571 283 2648 plane
297 2582 341 2630 est
353 2571 423 2631 ratio
437 2589 492 2644 qua
506 2571 634 2628 veritates
648 2590 666 2627 a
679 2588 710 2628 se
722 2569 834 2629 traditas
845 2568 994 2650 propagari
1006 2573 1095 2639 voluit
1103 2572 1256 2633 Christus:

66 2668 114 2727 nil
129 2668 233 2747 scripto
249 2668 347 2736 tradita
371 2664 411 2727 nii
424 2664 604 2726 scribendum
620 2668 712 2745 jubet,
727 2666 777 2725 sed
792 2658 877 2727 totam
893 2674 974 2728 suam
995 2669 1151 2728 doctrinam
1166 2672 1259 2746 Apos-

67 2766 139 2826 tolis
154 2766 303 2824 committit
316 2763 531 2843 praedicandam.
559 2763 653 2825 Nil
645 2765 746 2832 innuit,
761 2783 818 2837 quo
832 2767 952 2843 intelligi
972 2767 1065 2843 possit
1084 2765 1196 2823 diversa
1216 2786 1258 2823 ra·

70 2864 152 2922 tione
167 2882 217 2939 per
230 2863 325 2921 omnia
339 2862 441 2921 sarcula
454 2860 608 2918 doctrinam
623 2860 863 2928 conservandam3
885 2862 944 2919 imo
965 2859 1125 2936 pollicendo
1139 2880 1170 2920 se
1184 2881 1259 2921 sem·

72 2954 128 3038 pei·
129 2952 332 3021 'adfuturum'
313 2978 360 3026 ns,
376 2957 452 3033 quod
465 2954 624 3016 necessarii
639 2955 674 3014 de
695 2974 793 3014 eorum
813 2956 844 3017 in
864 2956 1022 3015 ministerio
1045 2959 1258 3021 successoribus¹

72 3040 290 3135 intelligendum
304 3068 357 3125 est,
372 3076 425 3115 uec
439 3057 515 3115 enlin
536 3055 593 3132 ipsi
613 3072 664 3132 per
682 3053 778 3112 omnia
791 3054 912 3115 saecula
918 3055 1029 3115 docturi
1042 3067 1071 3116 et
1090 3057 1258 3135 baptizatori

77 3154 172 3214 lorent
185 3158 293 3233 gentes,
308 3148 430 3214 ostendit
444 3153 544 3213 eadem'
555 3165 670 3231 prorsus
684 3151 803 3221 ratione‚'
803 3138 1010 3241 predicatione
1019 3154 1259 3234 scilicetdposto·

64 3251 127 3310 =ttoi
141 3250 298 3321 ministerii,
314 3246 467 3331 doctrinam
479 3268 532 3328 per.
538 3249 633 3308 omnia
644 3248 746 3311 secula
755 3234 975 3326 propagandam,
988 3264 1016 3310 et
1024 3250 1257 3325 conservandam.

78 3348 228 3409 Consonat
241 3332 394 3428 Apostolus
409 3348 443 3407 de
457 3338 545 3407 salute
560 3366 610 3429 per
624 3348 829 3406 invocationem
844 3346 915 3406 Jesu
929 3367 966 3406 ex
986 3348 1042 3407 lide
1062 3347 1257 3422 assequendae

80 3454 101 3484 ‘⁴
115 3445 265 3512 Quomodo
279 3467 345 3524 ergo
360 3447 539 3511 invocabunt,
555 3446 584 3501 in
599 3432 683 3516 quern
698 3463 754 3505 non
769 3443 966 3502 crediderunt!
982 3455 1028 3503 aut
1042 3444 1186 3519 quomodo
1200 3463 1260 3502 cre·

80 3541 188 3601 dent'
163 3563 200 3612 er,
216 3563 299 3618 quern
314 3563 371 3602 non
384 3541 552 3607 audieranti
593 3538 744 3606 Quomodo
759 3549 851 3597 autem
865 3536 1016 3598 audient
992 3561 1053 3619 stne
1067 3540 1259 3619 praedicante!
1315 3616 1318 3621 Ι

80 3628 232 3709 Quomodo
247 3661 313 3699 vero
327 3636 517 3725 praedicabunt
530 3637 585 3695 nist
601 3636 762 3696 mittantur!
784 3637 801 3672 *
824 3637 841 3672 *
864 3639 881 3674 *
902 3637 982 3714 Ergo
1002 3614 1073 3695 fides
1094 3656 1141 3697 ex
1151 3638 1257 3708 auditu,
1355 3638 1358 3642 ’

72 3734 192 3803 'auditus
208 3747 299 3796 autem
313 3737 493 3815 perverbum
508 3730 663 3791 clarissim
701 3731 776 3790 'l'ot'a
796 3714 866 3790 ratio
883 3734 1014 3792 veritates
1035 3738 1105 3808 quas
1125 3736 1260 3797 revelavit

83 3834 217 3894 Christus
232 3833 404 3917 addiscendi,
417 3853 452 3893 ea
473 3811 611 3891 audienda
629 3828 826 3911 predicatione
848 3823 945 3893 eorum
966 3830 1016 3906 qui
1035 3832 1117 3892 missi
1137 3844 1203 3894 sunt
1223 3834 1258 3893 ad

67 3930 271 4010 Ιι’]ἰιιιιριΙίιιιιι
286 3930 514 3998 annuntiandum,
529 3927 664 4023 pendet.
683 3928 747 3986 Nec
767 3926 873 4029 aliquid
892 3927 1064 4003 diciturque
1073 3948 1136 4041 per
1155 3932 1258 3991 aaecula

83 4029 232 4103 sequentia
244 4029 386 4087 rationem
395 4028 471 4093 illam
485 4008 649 4085 mutandam
661 4022 838 4083 insinuetur.

107 4124 194 4204 obj.
209 4130 236 4184 1.
258 4124 408 4183 Christus'
399 4140 463 4201 rpse
464 4123 584 4183 remisit
596 4121 711 4181 Judaeos
725 4121 941 4200 adscripturus,
955 4132 1062 4198 atquae
1083 4144 1148 4186 eum
1168 4124 1258 4201 respi-

83 4222 163 4285 ciunt
176 4216 303 4300 diligenti
315 4218 448 4298 indagine
462 4228 616 4278 scrutantes
630 4217 784 4295 reperirent
796 4234 818 4276 ι·
845 4218 924 4296 Ergo
945 4226 1116 4282 exesorum
1135 4221 1259 4287 lectione

471 4409 732 4473 (ttmatamiitto.
805 4408 818 4433 ²
912 4400 916 4407 ’

467 4493 506 4556 (a)
515 4492 596 4545 Marci
606 4493 653 4543 ιιι.
665 4494 703 4544 15.

471 4576 507 4640 (2)
518 4576 671 4651 Ramalt.
712 4572 715 4579 '
