2738 5032
237 318 243 335 '
329 324 635 419 PENTATEUOHI
656 316 964 386 iucuonirai'u.
1202 326 1238 384 ai

72 480 175 566 cipitur-3
201 482 340 542 Gerizim
354 471 448 542 auteni
462 503 518 542 vox
532 485 641 542 sublata
654 504 670 542 a
683 478 791 573 Judrsis
807 484 926 553 videtur,
940 497 972 542 ut
982 485 1165 543 Samaritanis
1179 484 1237 542 cul·

70 585 105 635 tus
117 580 161 637 aui
175 580 205 639 in
219 590 315 639 monte
331 581 460 640 Gerizim
475 581 661 658 patrocinium
676 580 796 639 deesset.

96 676 183 759 Reap.
206 679 383 737 Narrationis
406 680 561 738 substantia
575 664 683 756 integra
702 690 805 746 manet,
819 676 1081 754 alterutraicctione
1095 678 1236 739 adhibitae

68 790 110 831 nec
130 775 248 833 interest
260 787 354 833 utrum
368 776 537 843 Samaritani
550 777 599 851 'rel
612 775 705 835 Judaei
719 795 756 834 ex
775 772 911 835 industria
930 787 1038 836 textum
1060 765 1238 844 mutaverint,

67 870 102 927 rei
114 888 183 929 casu
192 872 348 949 contigerit
360 874 437 929 varia
450 873 498 930 iila
511 873 606 938 tectio,
622 881 684 945 ιιι
700 873 803 945 nullius
815 883 860 929 est
872 868 1033 931 momenti.¹

89 965 166 1046 oej.
182 973 212 1025 ι.
216 968 438 1033 characterum
460 971 578 1027 mutatio
592 971 644 1027 sub
664 970 832 1049 captivitatis
851 970 1042 1053 Babyloniae.
1052 979 1165 1046 tempus
1180 988 1241 1028 ver·

67 1062 156 1122 borum
170 1065 295 1139 aliquam
308 1067 581 1147 mutationemque
603 1084 719 1125 sensum
729 1076 761 1123 et
774 1067 957 1124 substantiam
977 1067 1113 1124 librorum
1127 1065 1240 1134 afficiat,

67 1161 204 1220 induxisse
219 1161 361 1221 censenda
374 1168 441 1221 ιιι.Ι
468 1162 590 1239 Insuper
601 1144 742 1240 iocaliuiii
756 1163 910 1223 litteramm
930 1161 1050 1229 defectu,
1066 1178 1168 1220 vocum
1183 1180 1242 1220 em·

67 1257 141 1335 bigne
153 1259 263 1335 saepius
277 1258 408 1316 redditur
415 1242 599 1334 significatio.

95 1352 184 1431 Resp'.
206 1354 256 1412 Ex
270 1354 423 1413 litteramm
438 1355 526 1411 forma
548 1364 653 1413 mutata
667 1373 770 1412 iocum
785 1372 855 1427 quas
868 1355 1069 1430 exprimebant
1079 1306 1156 1412 uuila
1170 1353 1247 1412 sacta

66 1460 105 1507 est·
119 1450 250 1516 mutatio,
273 1452 329 1507 uti
326 1451 491 1509 conferenti
513 1451 720 1508 samaritanum
741 1462 769 1508 et
790 1450 963 1508 Hebraicum
990 1449 1118 1509 codicem
1142 1450 1241 1523 liquet.

66 1540 207 1604 Voeahurn
222 1557 316 1605 autem
330 1546 455 1607 desectus
469 1548 499 1604 iii
514 1548 611 1623 paucis
633 1547 748 1602 vocibus
763 1547 972 1623 ambiguitatem
987 1547 1132 1629 interpreti
1145 1550 1244 1624 posset
1260 1550 1267 1561 “

65 1638 165 1718 puers,
180 1643 240 1702 sed
258 1644 425 1720 plerumque
439 1644 546 1703 nullam
568 1641 850 1720 sacittdifficultaterti
878 1644 1032 1702 Praeterea
1045 1643 1080 1701 de
1095 1646 1158 1702 libii
1171 1646 1242 1703 inte-

24 1772 27 1778 ·
66 1741 171 1816 pitata
166 1760 247 1800 nunc
259 1743 361 1818 agitur,
374 1752 433 1801 nuri
446 1741 501 1799 de
494 1741 653 1833 interpretis
668 1759 802 1797 successu
816 1740 901 1797 felici

99 1836 166 1917 ouj.
182 1838 212 1895 3.
235 1837 429 1916 chronologia
449 1826 729 1897 Pentateuchi'valde
748 1837 874 1914 implexa
895 1846 949 1903 est,
964 1855 1029 1897 nain
1052 1836 1244 1896 Hebraieusa

66 1931 236 2009 Samaritano
261 1934 369 2002 codice,
392 1930 514 2009 Graeca
506 1935 727 2013 interpretatio
713 1935 746 1991 ab
755 1945 879 2006 utroque
905 1933 998 1991 valde
1006 1932 1156 2009 discrepat,
1172 1934 1243 2017 adeo

65 2031 90 2086 iit
105 2033 190 2129 ιἰιιιιι
213 2010 387 2090 Hebraicum
410 2032 541 2106 codicem
561 2032 701 2089 diluvium
713 2051 758 2088 an.
776 2035 860 2097 1656,
878 2032 961 2107 juxta
974 2031 1181 2093 Samaritanunr
1194 2052 1241 2090 en.

68 2129 145 2197 1307,
166 2125 262 2206 juxta
266 2125 442 2225 septuaginta
462 2149 507 2187 an.
522 2134 599 2197 2242
622 2122 788 2207 contigerit.
818 2128 864 2185 Ea
885 2129 969 2204 igitur
983 2140 1024 2186 ex·
1042 2129 1243 2206 parte·Penta-

65 2228 200 2309 ιιιιοιιιιιι
192 2235 303 2305 integer
315 2248 372 2296 uon
386 2217 452 2288 esi.
1189 2252 1196 2263 ¹

96 2324 185 2403 Besp.
209 2306 408 2413 Discrcpari'tia
431 2326 479 2383 ilia
503 2325 697 2397 substantiam,
719 2323 830 2397 deque
854 2325 953 2399 agiuir,
975 2344 1032 2382 non
1057 2326 1182 2402 respicit,
1196 2344 1242 2383 res

66 2422 136 2511 ιιιιιι
159 2420 263 2502 gestas
260 2403 370 2480 eaedem
383 2424 418 2480 ab
432 2423 564 2483 omnibus
587 2421 754 2496 reseruntur,
769 2421 836 2478 licet
854 2420 997 2479 diversum
1010 2421 1160 2494 aliquando
1174 2423 1246 2481 nati·

66 2490 161 2579 sititis
168 2522 293 2597 terimus,¹
302 2520 453 2617 diversum
472 2518 608 2596 teinporis
623 2521 685 2576 vitae
700 2520 821 2595 spatium
843 2523 1030 2577 recenseatur.
1072 2521 1137 2586 Quo
1150 2506 1242 2579 autern

67 2612 141 2688 pactd
155 2615 218 2674 haee
232 2608 412 2675 numerorum
426 2608 556 2674 coiisusio
570 2615 728 2692 eontigerit,
742 2625 770 2672 et
783 2634 847 2693 qua
852 2615 958 2672 ratione
979 2616 1100 2674 texenda
1113 2618 1150 2673 sit
1163 2617 1245 2674 chro-

67 2712 184 2788 nologia,
199 2710 463 2771 docti-hominesin
482 2706 573 2770 varias
586 2714 699 2770 ῑιιιιιιιιιι
715 2710 878 2778 sententias,
895 2711 1038 2789 plerisque
1062 2724 1124 2777 eam
1138 2731 1202 2784 quae
1216 2713 1245 2770 in

10 2786 14 2799 ⁵
68 2805 223 2867 Hebraico
220 2819 299 2873 textu
312 2810 449 2886 reperitur
462 2810 644 2886 probantibus
659 2822 796 2891 annorum
810 2808 1016 2879 recensionem,
1030 2827 1077 2864 cni
1069 2808 1244 2885 suffragan-

69 2900 107 2964 tur
119 2908 301 2989 paraphrasis
311 2908 472 2973 Chaldaiea,
482 2906 597 2973 Onkeli,
614 2906 715 2969 Versio
734 2906 852 2977 Arabica
865 2908 893 2963 et
902 2905 1033 2982 Syriaca,
1046 2925 1186 2980 quamque
1199 2926 1245 2973 se·
1275 2909 1279 2913 “

70 3004 156 3074 quitur
176 3006 308 3082 Vulgata.
321 3004 593 3082 Chronolngiam
586 2984 754 3062 Samaritani
774 3003 960 3063 codiciacum
975 3004 1120 3063 Hebraico
1129 3016 1245 3077 οοιιοοι

70 3097 143 3161 desse
157 3105 334 3180 temporibus
349 3105 500 3181 Origenis
493 3092 521 3160 et
535 3101 707 3185 Plieronymi
720 3120 757 3160 ex
771 3119 869 3159 eorum
888 3097 1055 3160 testimoniis
1070 3115 1188 3161 constat.

106 3200 182 3280 061
175 3206 217 3263 4.
232 3181 348 3259 Cainan
373 3202 436 3273 ante
459 3198 555 3258 Sale
548 3219 578 3257 ιιι
596 3201 780 3288 Septuaginta
794 3214 934 3267 versione
950 3211 977 3256 et
999 3200 1119 3276 apudS.
1134 3201 1243 3260 Lucam

73 3311 274 3359 memoraturc.
289 3298 330 3355 iii.
342 3300 392 3366 36,
403 3317 452 3372 qur
467 3309 560 3355 tamen
574 3316 603 3353 iri
615 3296 756 3355 Hebraico
768 3306 846 3352 textu
860 3295 950 3355 deest.
1006 3290 1014 3327 ⁸·
1239 3325 1241 3329 ·

104 3395 190 3474 Hesp.
201 3397 281 3469 ¹Sive
296 3388 432 3456 redundet
445 3403 548 3477 nomen
562 3393 630 3452 iliud
645 3392 719 3470 apud
734 3394 939 3469 Septuaginta
932 3376 1107 3470 ihterpretes,
1122 3394 1183 3452 sive
1197 3394 1244 3453 de·

72 3489 162 3551 eideiit
173 3511 213 3553 ex
227 3488 318 3560 textu,
338 3505 394 3555 noti
409 3492 579 3568 periclitatur
592 3489 757 3549 narrationis
766 3486 939 3547 substantia.¹
978 3487 1120 3547 Caetemm
1135 3490 1245 3569 videtur

72 3581 230 3657 redundare,
253 3605 318 3646 riam
333 3589 362 3677 ιιι
387 3589 561 3646 Samaritano
572 3587 656 3643 deest
676 3585 784 3663 codice,
797 3582 829 3642 ιιι
830 3586 971 3660 Syriaco,
978 3595 1015 3642 et
1028 3584 1158 3661 Arabico,
1174 3598 1202 3645 et
1214 3590 1244 3648 in

73 3685 163 3747 hiatio
174 3670 305 3763 Josepho
319 3696 347 3745 et
358 3672 501 3751 Philone.
531 3685 617 3752 Quod
625 3694 718 3745 autern
733 3682 829 3759 apud
820 3683 853 3740 S.
864 3682 971 3740 Lucam
982 3682 1145 3759 reperiatur,
1158 3688 1244 3745 errori

72 3781 182 3861 aiicujus
205 3783 385 3841 amanuensis
393 3778 536 3856 tribuitur,
552 3782 669 3851 habetur
682 3780 787 3855 quippe
810 3776 900 3875 codex
915 3780 1122 3856 manuscriptus
1143 3781 1244 3841 Canta·

44 3874 49 3885 '
73 3872 217 3958 brigiensis
232 3881 264 3937 S.
280 3879 405 3948 lauceio
409 3897 476 3952 qno
488 3878 629 3953 deest.

109 3976 174 4056 Obj.
180 3983 221 4039 5
243 3975 361 4033 Dent
332 3994 373 4031 iii
390 3962 436 4033 14.
478 3983 497 4010 ‘⁴
507 3974 568 4031 Jair
581 3936 664 4030 iilius
677 3956 812 4047 Manasse
834 3971 961 4047 possedit
973 3990 1085 4032 omnem
1099 3952 1244 4050 regionem

73 4071 161 4155 higob
176 4088 268 4145 usque
282 4072 317 4130 ad
326 4069 465 4154 terminos
480 4071 606 4128 Gessuri
614 4080 642 4127 et
649 4048 793 4126 Machari.
835 4068 1043 4141 vocavitque
1020 4087 1057 4127 ex
1068 4072 1182 4130 nomine
1193 4092 1249 4132 suo

73 4165 174 4238 Basan,
179 4166 308 4227 Haroth
316 4167 361 4226 J
337 4187 387 4235 eir
402 4146 432 4242 id
445 4177 489 4225 est
501 4167 581 4231 villas
595 4166 638 4224 J
615 4185 665 4234 air,
679 4184 769 4237 usque
783 4166 812 4222 in
827 4174 997 4245 proesenteni
1011 4164 1095 4223 diem.
1099 4166 1118 4193 ”
1161 4168 1246 4228 Clau·

73 4266 129 4324 sula
143 4275 285 4363 postrema
298 4262 432 4326 denotat
416 4275 565 4322 auctorem
579 4263 622 4321 J
599 4281 640 4321 air
653 4263 824 4339 temporibus
838 4263 922 4339 longe
936 4256 1130 4341 posteriorem.

107 4344 208 4442 Reap.
217 4362 282 4423 Etsi
296 4361 406 4420 daretur
420 4379 504 4418 voces
518 4359 580 4417 ilias
595 4380 611 4417 a
624 4359 771 4439 posteriori
780 4359 923 4435 scriptore
938 4359 1069 4435 adjectas,
1084 4370 1161 4418 etex
1176 4380 1247 4431 mar-

73 4461 134 4537 gine
147 4463 177 4519 iii
191 4452 299 4523 tentum
314 4460 469 4529 translatas,
483 4467 608 4516 maneret
620 4458 762 4535 integritas
771 4457 845 4515 iibri.
887 4456 1029 4541 Ceterum
1041 4468 1246 4518 consueverunt

74 4556 216 4647 Hebraei''
198 4576 234 4615 us
248 4557 288 4614 uti
303 4555 338 4655 de
351 4574 381 4613 re
393 4555 468 4613 haud
481 4554 530 4612 diu
544 4565 624 4612 antea
637 4563 724 4631 gesta
727 4556 741 4587 ¹
880 4541 891 4555 ²

103 4693 138 4754 (l)
154 4690 218 4742 Vide
228 4648 329 4754 Jolinp.
341 4688 381 4748 65,
390 4650 592 4752 ¹hhnleitung.

103 4772 139 4836 (2)
155 4770 360 4825 Vichcutxmd
390 4768 658 4832 torrentesut&
692 4748 1046 4843 Bergicrtir.ch.2.b22
