2738 5032
1029 110 1046 145 Ο

133 280 191 335 sao
406 278 463 341 us
483 280 791 345 nuc‘roarrs'rrs
812 284 1031 345 nuruono.
1191 238 1230 251 '¹
1276 302 1290 357 ι

133 451 168 492 ea
177 434 367 510 judicaverint
377 438 445 495 satis
460 438 583 515 probata.
626 440 703 501 lliuc
714 442 870 503 Bossuetus
879 445 910 501 in
921 444 1026 503 celebri
1039 463 1104 503 cum
1113 440 1240 505 Claudio
1249 463 1318 503 cou-

132 533 284 590 certatione
296 533 419 591 ostendit
429 535 578 603 aniculam,
592 536 797 601 Protestautico
811 542 960 617 principio,
975 540 1079 599 elevari
1087 560 1171 618 supra
1181 540 1319 599 docfiui·

131 646 244 705 morum
255 630 413 690 Prmsulum
424 632 553 711 collegia,
565 644 594 691 et
604 634 807 711 ipsesuprsma
817 638 973 706 tribunalia,
982 655 1103 711 quorum
1113 637 1233 715 judicia,
1248 650 1319 716 post

131 726 253 805 diligens
265 730 473 807 Scripturarnm
486 749 606 789 examen
615 733 731 808 prolata,
743 735 805 811 ipsa
815 734 900 793 dubia
906 734 1029 803 habebit,
1039 736 1086 795 vel
1096 736 1217 813 rejiciet,
1230 746 1320 815 prout

131 823 187 880 sibi
199 825 331 883 examine
344 824 472 889 instituto
486 828 580 885 visum
599 827 683 887 luerit
693 832 714 887 !²
753 828 833 889 Idem
853 831 1004 891 dicendum
1017 832 1054 891 ds
1076 833 1223 910 mancipio
1242 832 1322 891 litte-

130 938 222 979 rarum
237 921 349 997 penitus
359 920 442 981 rudi!
1133 1000 1139 1011 ι

170 1016 356 1075 Manifestum
380 1030 424 1077 est
437 1021 608 1078 auctoritatis
629 1022 831 1099 principiuma
852 1024 1077 1083 Protestantibus
1097 1023 1228 1083 adhiberi
1246 1025 1321 1084 licet

129 1113 207 1173 haud
219 1116 353 1185 consciis,
368 1136 434 1176 nam
454 1126 551 1177 tenent
569 1120 729 1195 Scripturas
749 1140 813 1179 esse
827 1120 948 1192 divinas,
963 1133 1112 1197 antequam
1133 1123 1269 1203 legerint,
1290 1135 1319 1182 et

134 1212 271 1291 plurimas
292 1224 421 1274 textuum
439 1216 645 1293 explicationes
667 1218 742 1295 apud
763 1219 863 1278 sectas
876 1220 1028 1279 celebratas
1050 1232 1231 1295 sequuntur:
1254 1223 1315 1282 imo

42 1296 50 1309 ⁸
127 1312 305 1390 singulorum
319 1313 468 1373 hominum
482 1314 660 1391 qui-iugenio
672 1326 804 1394 prestant
817 1330 846 1375 et
858 1318 995 1387 doctrina,
1005 1320 1070 1396 plus
1081 1321 1155 1379 valet
1169 1320 1247 1397 apud
1262 1340 1314 1380 eos

128 1410 288 1477 auctoritas,
303 1428 388 1483 quam
402 1410 477 1487 apud
492 1430 563 1469 nos:
585 1412 667 1471 facile
680 1415 756 1472 enirn
771 1417 961 1475 assentiuntur
974 1416 1098 1493 pmconi
1112 1416 1198 1494 copia
1212 1419 1313 1477 verbo·

106 1550 111 1555 .
126 1522 190 1563 rum
204 1506 320 1585 insigni,
335 1516 364 1563 et
377 1508 530 1566 sententias
544 1520 629 1567 ueta
642 1512 765 1568 auctoris
779 1512 873 1589 magni
887 1512 1001 1571 faciunt.
1035 1512 1094 1572 Ubi
1107 1513 1313 1589 publicadeest

127 1602 269 1663 Ecclesia
291 1608 451 1675 auctoritas,
465 1625 522 1682 qua
542 1625 642 1665 omnes
667 1608 771 1684 pariter
793 1610 822 1668 in
848 1610 932 1669 robus
957 1610 1116 1688 Religionis
1140 1610 1310 1689 diriguntur,

128 1700 278 1761 homiuum
294 1702 470 1781 singulorum
483 1705 514 1761 in
528 1716 644 1763 caeteros
654 1706 814 1773 auctoritas,
824 1725 875 1783 pro
886 1706 1062 1776 eruditionis,
1073 1707 1257 1779 eloquentia,
1268 1708 1312 1765 vel

126 1800 259 1876 mantin
273 1800 434 1859 diversitate
449 1801 539 1861 valeat
557 1820 677 1861 necessa
689 1814 742 1860 est.
784 1803 811 1860 E
831 1813 929 1863 contra
947 1804 995 1863 illa
1009 1804 1135 1862 admissa
1154 1805 1261 1863 nullius
1282 1806 1308 1863 vi

127 1895 226 1957 dotum
239 1916 354 1955 suarum
367 1898 518 1975 singularis
532 1908 576 1956 est
590 1900 758 1957 auctoritas:
773 1900 825 1957 sed
837 1919 937 1959 omnes
948 1902 979 1960 in
992 1901 1118 1974 qualibet
1137 1910 1231 1969 etate,
1245 1902 1307 1959 vitas

124 1994 297 2064 nunditiam,
311 1994 410 2054 litteris
421 1996 565 2063 florentes,
576 1996 621 2054 vsl
633 2015 729 2054 earum
743 1997 837 2065 rudes,
849 1998 964 2075 ingenio
975 2008 1141 2074 prestantes
1152 1999 1201 2057 vel
1209 2018 1305 2076 parum

125 2092 262 2162 valentes,
276 2092 376 2152 eadem
388 2103 519 2151 tenentur
531 2094 636 2173 regula.
678 2094 740 2152 lmo
755 2094 811 2171 ipsi
825 2094 899 2172 apud
913 2114 985 2168 quos
999 2094 1122 2153 docendi
1136 2114 1243 2155 munus
1262 2106 1303 2154 cst

122 2188 242 2249 eandem
256 2208 342 2263 quam
354 2190 450 2251 caetcri
464 2189 597 2247 insistunt
615 2190 757 2258 semitam,
776 2209 829 2248 nec
844 2191 937 2249 valent
950 2190 1057 2265 aliquid
1069 2190 1102 2251 in
1115 2191 1246 2251 doctrina
1257 2193 1305 2273 inp

123 2298 242 2347 mutare.

161 2384 196 2445 ln
210 2385 342 2445 Ecclesia
355 2386 504 2445 (tantoties
512 2404 546 2444 sa
557 2386 674 2445 habetur
684 2388 836 2445 auctoritas
846 2406 912 2461 quae
925 2406 993 2447 sans
1003 2406 1118 2447 summa
1128 2398 1191 2447 est:
1204 2390 1302 2466 quippe

113 2500 187 2561 ¹qua
200 2484 364 2557 antiquitate
378 2502 440 2551 sna,
453 2484 620 2551 constantia,
634 2484 719 2557 vique
733 2485 840 2543 invicta
851 2502 917 2571 psus
936 2462 1217 2555 commendat⁴aden
1236 2496 1264 2544 ut
1276 2493 1301 2541 et

123 2579 206 2657 pueri
219 2586 249 2639 et
269 2574 356 2636 rudes
370 2578 402 2636 in
422 2594 458 2635 sa
480 2578 592 2635 'deant
611 2578 715 2637 divinas
735 2578 1018 2657 originispercipere
1037 2580 1157 2641 indicia.
1194 2579 1299 2657 Objccit

125 2676 240 2752 quidem
255 2674 393 2735 Claudius
407 2674 549 2734 Bossueto
563 2675 734 2733 auctoritatis
743 2676 939 2753 principiuma
952 2678 1076 2750 qualibet
1088 2690 1170 2737 secta
1182 2675 1297 2736 adhiberi

123 2793 221 2853 posse,
236 2792 397 2852 puerosque
411 2791 447 2831 eo
460 2771 575 2830 innixos
587 2784 734 2849 parentum
745 2791 860 2831 suorum
872 2774 961 2832 imbui
972 2775 1134 2833 erroribus:
1149 2775 1203 2833 sed
1211 2772 1301 2833 fefellit

125 2890 192 2931 eum
206 2872 329 2949 partium
343 2869 479 2935 studium,
493 2889 510 2926 a
523 2869 747 2928 Protestantibus
762 2870 838 2929 enim
852 2869 978 2928 adhiberi
997 2870 1105 2943 nequit,
1123 2889 1214 2943 quum
1226 2870 1259 2929 ab
1272 2870 1303 2927 iis

87 2994 93 3009 ·
122 2968 274 3046 rejiciatur.
317 2967 411 3025 Graeci
425 2964 541 3041 quidem
555 2965 625 3023 illud
639 2965 797 3033 admittunt,
809 2984 934 3043 puerque
949 2966 1066 3024 Grecos
1078 2967 1153 3024 inter
1163 2967 1304 3025 institutus

66 3131 71 3141 Ι
120 3064 152 3125 iu
163 3082 199 3124 eo
212 3062 287 3123 haud
304 3063 409 3123 fallitur
423 3061 499 3136 quod
509 3061 606 3121 credat
620 3061 798 3121 catholicam
812 3062 868 3120 Dei
883 3062 1043 3121 Ecclesiam
1063 3064 1232 3140 magistram
1245 3080 1305 3122 esse

120 3163 256 3232 veritatis,
281 3160 333 3220 sed
356 3160 481 3221 hunuano
505 3160 616 3218 ducitur
640 3178 734 3218 errore
748 3158 816 3218 dum
838 3161 948 3236 parenti
961 3158 1007 3217 vel
1026 3160 1136 3236 pastori
1156 3162 1306 3219 assentitur

69 3296 74 3307 ι
119 3260 232 3321 docenti
245 3270 351 3319 sectam
366 3278 446 3317 suam
461 3258 554 3335 ipsam
566 3274 631 3315 esse
646 3255 816 3315 Ecclesiam.
859 3258 923 3315 Nec
938 3257 1003 3316 ideo
1017 3259 1192 3318 auctoritatis
1206 3256 1308 3336 princi-

119 3356 209 3435 pium,
224 3355 301 3431 quod
315 3356 411 3413 Greci
424 3355 573 3413 nobiscum
594 3363 730 3420 statuunt,
751 3352 936 3430 rejiciendum
950 3365 1004 3423 est,
1017 3352 1092 3427 quod
1107 3355 1198 3429 ineo
1219 3355 1307 3433 appli-

118 3454 210 3514 cando
223 3464 326 3521 errem,
340 3453 446 3530 sepias
460 3452 537 3511 enim
551 3451 689 3529 contingit
701 3460 734 3508 ut
745 3451 886 3527 optimum
905 3452 1079 3528 principium
1092 3470 1246 3529 perperam
1260 3453 1307 3510 ad·

84 3600 87 3605 .
117 3550 255 3609 hibeatnr.
297 3549 398 3627 ipsum
412 3546 528 3623 quidem
539 3547 570 3605 in
583 3564 707 3605 errorem
721 3564 779 3606 non
799 3545 886 3614 ducit,
902 3546 1032 3621 qumvis
1046 3566 1082 3605 eo
1095 3558 1192 3606 utatur
1212 3536 1315 3608 sorsals

118 3647 184 3721 quis
207 3656 238 3704 ut
261 3664 385 3705 errorem
404 3642 593 3703 commendet.
625 3644 699 3701 Sunt
712 3652 805 3701 autem
826 3641 948 3715 plurima
966 3642 1095 3703 subsidia
1107 3645 1215 3717 quibus
1230 3665 1308 3741 crept

118 3742 272 3821 detegatur,
287 3743 445 3821 prasertim
457 3742 488 3801 iu
500 3740 595 3799 adulta
607 3748 699 3811 ahts,
713 3748 743 3799 et
753 3738 791 3799 iis
804 3756 927 3815 quorum
940 3741 1052 3801 animus
1065 3740 1197 3800 doctrina
1218 3763 1306 3803 exco-

118 3840 193 3899 litur.
235 3839 379 3899 Caurum
393 3841 419 3899 si
433 3839 496 3912 quis
511 3857 616 3915 pueros
627 3836 771 3913 rudesque
788 3836 944 3897 litterarum
964 3838 1102 3915 plurimos
1116 3838 1171 3897 hac
1192 3842 1303 3900 ratione

118 3939 150 3999 in
166 3938 332 3997 Gracorum
345 3938 430 3996 Secta
441 3936 556 3995 retineri
569 3934 730 4005 contendat,
743 3934 800 3995 hos
813 3934 901 3995 lrstoa
914 3936 1064 4012 principio,
1079 3955 1133 3994 nos
1148 3956 1210 3996 non
1226 3940 1306 4017 juvat

116 4032 349 4114 applicationem,
369 4034 411 4091 uti
431 4032 518 4101 aiunt,
531 4028 668 4109 principii
685 4030 756 4091 vitio
774 4030 832 4091 illis
845 4041 963 4100 vertere,
979 4050 1102 4091 errorem
1116 4034 1197 4092 enim
1208 4035 1303 4112 'culpa

118 4152 215 4191 vacare
239 4148 324 4209 possa
344 4131 405 4208 jam
428 4130 587 4199 docuimus,
600 4128 668 4188 licet
686 4126 723 4187 ad
736 4128 1036 4207 prejudiciahumana
1055 4130 1221 4190 necessarid
1236 4130 1305 4191 refe·

123 4230 303 4369 m'lllrldltlldl
315 4305 383 4365 huic
396 4307 483 4367 linem
496 4304 611 4365 tandem
622 4304 815 4383 impousmua,
826 4306 988 4365 auctoritate
1000 4324 1057 4379 qua
1066 4305 1097 4363 in
1109 4305 1179 4365 fidei
1188 4308 1306 4387 negotiti

118 4405 272 4484 dirigamur
284 4413 394 4461 statuta.
435 4402 500 4461 Jarn
517 4420 585 4459 sero
598 4401 633 4461 ds
647 4402 731 4459 rebus
744 4400 816 4478 ipsis
829 4402 960 4461 revelatis
973 4400 1114 4479 agendum
1128 4413 1183 4472 est,
1196 4417 1229 4462 ut
1239 4425 1304 4479 quae

118 4502 241 4563 Deuade
251 4521 293 4571 se,
305 4500 422 4575 suisque
432 4501 462 4559 in
472 4500 620 4559 hominurn
632 4500 750 4557 salutern
759 4498 886 4559 consiliis
898 4499 1097 4568 manifestavit,
1108 4518 1304 4579 exponamus,

119 4608 147 4655 ct
161 4596 346 4654 vindicemus.
387 4590 445 4653 Det
458 4592 520 4669 ipse
538 4592 636 4652 lumen
650 4594 791 4666 viresque.
1029 4590 1032 4595 '

312 4728 355 4801 (l)
366 4726 521 4783 Cottffitsttoe
530 4725 562 4779 de
570 4725 655 4778 Mona.
664 4726 768 4777 Bmauet
783 4726 951 4777 avecclaude.
