2738 5032
413 84 962 189 numerumnunerum
990 148 994 153 -
1027 40 1111 151 ¹·
1220 110 1278 169 aar
1350 122 1355 139 ··

134 265 226 347 lirap.
247 267 393 329 Ethnicos
408 269 554 343 alloquens
577 269 781 337 Tertullianus,
795 269 863 327 satis
882 266 981 329 habnit
997 258 1035 339 ,ἡ
1055 274 1153 351 ιιιιῳ
1167 252 1280 329 morunt

93 365 259 444 disciplina,
273 366 358 440 qnam
372 367 524 427 servabant*
532 365 701 434 Christiani
713 366 846 424 certiores
864 384 914 424 eos
933 367 1043 435 lucem
1060 385 1114 425 neo
1130 383 1204 443 opus
1218 376 1281 424 erat

94 474 128 522 ut
141 480 252 522 sacram·
264 464 414 523 Saniorum
426 462 591 551 dignitatem
606 464 765 523 affirmaret.
807 464 934 521 Fuerunt
955 474 1048 522 tamen
1066 464 1202 541 presules
1223 460 1283 521 Eo·

95 560 248 618 olesiastici
262 561 365 633 quibus
379 577 416 618 ex
428 561 522 618 verbis
540 560 649 620 Christi
662 559 697 618 ad
719 559 875 636 Apostolos
889 577 952 618 eam
972 559 1040 619 licet
1058 560 1161 617 serre‘
1164 568 1282 617 censu·

95 674 167 731 ram
170 624 667 727 mamam,”nti'l'ertulliannseam
684 657 895 734 appellatque
915 657 945 714 in
962 654 1039 715 coelis
1058 669 1117 715 ratu
1135 656 1279 715 habeatur.

96 756 231 814 Seniores
245 754 384 833 designati
397 766 463 814 sunt
476 754 662 835 Episeoptad
677 755 813 813 saeculnm
827 773 916 828 nsque
929 767 1071 833 quartum.
1100 752 1283 817 lucunculo
1347 826 1354 841 .

96 852 299 930 Agrippinensi
315 860 335 889 ‘⁶
345 852 512 911 Valerianus
533 850 697 929 Episcopus
711 851 800 910 dixit:
823 851 888 913 Etsi
903 858 961 910 non
981 868 1082 911 omnes
1096 851 1280 909 conseniorea

90 948 153 1018 hio,
175 953 191 985 ²
211 949 229 985 ι
249 949 492 1017 convenissemus,
506 949 656 1008 suffecerat
668 969 685 1006 a
699 949 826 1024 quinque
839 948 1006 1025 Episcopis,
1022 946 1116 1009 dtu-’²¹

138 1045 206 1124 obj.
218 1051 251 1106 -6,
273 1046 403 1121 AEquunt
417 1058 461 1107 eat
471 1058 503 1106 ut
515 1048 580 1106 laici
591 1048 727 1107 ministris
741 1047 830 1105 Verbi
841 1047 983 1106 assideant
994 1048 1024 1106 in
1035 1049 1183 1125 regimine,
1194 1064 1282 1123 quum

97 1143 130 1221 de
139 1145 253 1222 juribus
267 1146 327 1205 auis
341 1155 456 1224 agatur:
478 1165 530 1204 uec
544 1165 616 1223 opus
627 1156 672 1209 est
684 1144 781 1203 divino
792 1144 924 1203 mandato
938 1155 969 1203 ut
983 1145 1045 1204 haec
1056 1156 1163 1205 curent

119 1242 368 1321 'Rerp‘Summa
388 1243 534 1320 Sapientia
547 1243 635 1302 Verbi
655 1243 754 1301 Dirini
774 1243 925 1301 constituta
946 1254 990 1301 est
1010 1243 1154 1311 Ecclesia,
1169 1252 1284 1315 totaque

96 1341 211 1419 regenffl
232 1352 356 1419 potestas
379 1342 464 1400 Petro
479 1342 641 1410 commissa,
656 1351 685 1398 et
707 1341 862 1417 Apostolis,
878 1354 999 1415 quornm
1019 1341 1161 1418 Episcopi
1182 1349 1283 1397 tanam

97 1438 201 1507 houm.
243 1433 314 1515 Non
332 1438 399 1498 licet
412 1449 508 1499 nostro
523 1440 636 1498 arbitrio
656 1435 763 1511 aliquid
777 1447 898 1496 statuere
912 1457 970 1511 quo
987 1440 1053 1517 J'ura
1066 1439 1128 1500 hoec
1142 1458 1223 1498 sacra
1236 1438 1285 1497 te·

100 1534 209 1601 dantur.
246 1522 337 1603 'Quod
350 1547 444 1596 autem
458 1536 492 1595 ad
501 1536 739 1613 'laicospertinet
755 1550 853 1592 eornm
867 1544 912 1591 est
932 1535 1046 1599 obedire
1067 1536 1240 1615 prepositis,
1255 1544 1284 1592 at

98 1649 209 1697 terrare
223 1644 373 1711 precepta.
397 1643 424 1671 '⁴‘
433 1620 589 1703 obadia?
604 1633 697 1707 inquit
710 1631 828 1698 Paulus,
844 1638 864 1666 “
875 1633 1035 1707 prepositis
1049 1635 1161 1702 vestris,
1175 1644 1205 1691 et
1217 1633 1285 1691 sub-

93 1714 184 1806 jac'ele
207 1732 260 1789 eis.
302 1732 361 1811 Ipsi
386 1735 463 1792 enim
483 1730 662 1810 pervigilant,
677 1716 763 1815 quasi
774 1729 913 1789 rationem
936 1748 991 1806 pro
1009 1731 1160 1791 unimabus
1183 1732 1285 1789 vestris

96 1824 241 1901 reddituri,
266 1839 299 1886 ut
319 1848 384 1888 curn
409 1830 511 1907 gaudio
525 1832 587 1889 ‘hoc
599 1830 719 1898 iaciant,
734 1838 764 1887 et
782 1845 841 1886 non
862 1822 1029 1905 gementes,
1049 1827 1107 1886 hoc
1128 1829 1205 1887 enim
1227 1848 1284 1888 non

95 1926 215 2004 expedit
228 1927 358 1985 vobis.'’⁸
397 1914 574 1986 Nulla‘vera
592 1930 658 2006 jura
676 1922 814 1986 laieorum
834 1926 970 1985 invadunt
984 1929 1131 2005 presules,
1146 1926 1181 1986 de
1201 1928 1286 1987 rebus

94 2034 164 2100 quae
178 2021 215 2079 ad
230 2024 331 2081 anime
345 2022 464 2084 salutern
473 2024 619 2104 pertinent
627 2026 799 2102 judicantes.
861 2068 864 2077 -
912 2038 915 2045 ’

142 2117 245 2196 Οιιμ
248 2117 459 2196 Imperatores
474 2119 542 2180 oIIm
558 2120 696 2197 jubebant
714 2123 900 2201 Episcopos
891 2144 922 2183 ιιι
941 2120 1105 2182 Concilium
1119 2121 1283 2192 convenire,

80 2228 123 2275 et
137 2235 236 2275 eorum
251 2206 383 2317 decreta,
380 2216 521 2303 ipao.rnm
535 2228 665 2297 rogatu,
646 2222 659 2261 I
671 2220 723 2298 sna
736 2214 905 2280 firmabant
899 2222 1071 2280 anctoritate.
1113 2220 1286 2280 Intervenie·

86 2312 163 2374 bant
178 2314 329 2385 Consiliis,
342 2302 425 2385 siout
428 2318 461 2375 αι’
470 2316 621 2394 posteriori
632 2325 712 2376 atate
725 2336 818 2396 reges,
828 2319 1041 2401 principesque
1065 2317 1287 2383 Consueverunt

88 2412 181 2470 otiam
196 2430 277 2488 reges
292 2410 454 2497 Episcopos
468 2412 652 2482 nominando,
659 2413 884 2477 Parochorum
871 2436 937 2495 Jura
949 2426 1046 2476 contra
1059 2414 1214 2494 Episcopi
1215 2419 1287 2476 arbi·

90 2510 182 2569 trIum
196 2510 311 2579 tuendo,
323 2520 351 2569 et
364 2513 468 2570 abusus
482 2512 620 2590 plurimos
632 2513 842 2574 Ecclesiastico
848 2516 1004 2631 potestatis
1018 2514 1232 2590 impediendo,
1220 2535 1286 2592 Jnra

92 2622 151 2665 ana
163 2607 193 2667 in
188 2598 347 2670 Ecclesiae
361 2608 499 2686 regimine
514 2628 658 2668 exercere.

96 2684 225 2783 ¹⁴lierp.
248 2706 355 2779 Utique
377 2707 483 2784 saepins
506 2707 654 2784 jusserunt
677 2706 819 2781 Catholici
843 2703 1032 2784 Imperatores
1061 2707 1261 2784 Episcopos
1252 2728 1284 2769 ιιι

98 2798 263 2861 Concilium
278 2802 439 2870 convenire,
455 2811 486 2860 ut
506 2802 541 2862 de
555 2800 759 2876 dissidiisque
774 2814 838 2863 curn
858 2802 987 2880 publicar
1000 2803 1210 2876 tranquillitatis
1230 2802 1288 2862 dis·

70 2894 207 2973 „prndio
232 2897 415 2979 agitabantur,
430 2897 573 2968 tollendis,
597 2897 705 2956 collatis
720 2898 793 2956 inter
813 2916 844 2976 se
864 2897 1003 2967 consiliis,
1023 2909 1054 2957 et
1069 2918 1208 2991 supremo
1228 2901 1287 2960 lato

90 2991 220 3070 J'udIcio,
230 2993 430 3079 deliberarent:
446 3014 504 3069 que
516 2995 546 3054 in
559 3015 590 3054 re
603 2995 709 3054 nullam
720 3006 862 3074 usurpate
873 2997 1045 3056 auctoritatis
1055 2997 1146 3057 Iabern
1162 3000 1286 3076 reperire

99 3090 238 3165 ιιιειιιιιι,
252 3075 364 3165 quoties
378 3102 533 3154 conventus
554 3093 596 3152 illi
615 3082 703 3153 libare
722 3093 905 3165 habebantur,
920 3105 948 3152 et
967 3095 1178 3153 Ecclesiastico
1193 3115 1285 3153 serva·

98 3186 199 3245 bantur
211 3189 326 3265 regule.
355 3187 423 3247 Ideo
435 3190 621 3257 Ambrosius
614 3210 645 3249 ιιι
656 3189 789 3249 Concilio
800 3191 979 3277 aquilejensi
993 3192 1090 3249 habito
1102 3190 1285 3267 Imperatoris

91 3283 191 3361 jussu,
211 3286 242 3344 in
262 3304 346 3344 causa
366 3286 570 3363 episcoporum
590 3287 709 3347 duorum
735 3289 856 3356 Moesiae,
880 3287 1075 3353 animadvertit
1100 3305 1176 3354 eum,
1203 3297 1286 3363 prout

100 3397 215 3454 aequum
229 3391 296 3451 erat,
316 3381 456 3459 judicium
470 3383 624 3461 Episcopis
639 3385 814 3460 permisisse,
826 3380 898 3444 nihil
920 3384 996 3443 sibi'
988 3403 1018 3442 ιιι
1030 3401 1115 3442 eausa
1128 3382 1286 3442 Ecclesias-

96 3477 158 3547 -ttca
170 3480 353 3557 usurpando:
376 3476 533 3541 “Noluit'
525 3482 657 3560 injuriam
678 3484 769 3541 facere
790 3472 1031 3543 sacerdotibus:
1023 3501 1102 3559 ipsos
1117 3483 1283 3561 interpretes

99 3576 247 3649 constituit
260 3577 460 3656 episcopos.’·’⁴
498 3577 567 3639 Ideo
575 3584 674 3646 'autem
686 3597 898 3653 nonnumquam
913 3578 1092 3656 postulabant
1104 3564 1245 3659 Episcopi
1254 3591 1286 3640 nt

101 3668 289 3751 Imperatores
309 3675 452 3735 firmarent
471 3694 523 3734 sua
538 3675 656 3753 judicia,
671 3687 703 3735 ut
715 3677 773 3735 vim
783 3676 940 3735 obtinerent
953 3677 983 3734 in
997 3677 1060 3736 soro
1074 3677 1171 3746 civili3
1191 3696 1282 3751 quum

100 3771 179 3831 enirn
193 3771 230 3831 de
244 3773 309 3850 J'nre
332 3792 516 3850 personarum
530 3786 560 3833 et
579 3794 674 3834 rerum
699 3762 857 3853 aliquando,
872 3776 1009 3852 ageretur,
1032 3774 1147 3837 nubilio
1167 3775 1283 3837 brachii

102 3867 263 3938 secularis,
278 3871 318 3928 uti
332 3871 419 3939 aiunt,
433 3882 506 3949 opus
520 3882 578 3931 erat
590 3882 622 3931 ut
630 3872 747 3933 ‘decreta
766 3872 1000 3932 demandarentur
1013 3875 1173 3933 executioni
1186 3893 1283 3955 :gnam
1338 3886 1341 3897 ·

101 3958 240 4045 damnatis
254 3967 408 4029 Arianismi
421 3964 530 4035 dnobus
551 3969 608 4029 illis
622 3967 776 4048 episcopis,
787 3971 849 4048 J'am
863 3989 920 4029 nou
941 3958 1070 4046 poterant
1082 3972 1202 4032 retinere
1225 3971 1284 4029 Ec-

266 4179 302 4239 (I)
320 4177 423 4228 ιιιιιιιΗ
406 4195 433 4228 ιι.
426 4195 466 4242 ..ιι
477 4179 545 4230 (ild.

175 4296 177 4305 .
268 4261 305 4323 (2)
322 4261 418 4311 ιιοιι
395 4262 447 4311 arii.
455 4262 494 4312 ·17.
633 4256 636 4263 ’

267 4344 303 4406 (3)
319 4345 394 4395 Cone.
403 4345 507 4395 Οοιιιι.
499 4362 515 4396 ι.
526 4326 563 4410 ep.
574 4346 605 4396 ad
615 4345 781 4419 Theodosium
793 4362 848 4410 quta
860 4347 971 4412 incipit“
980 4348 1079 4398 Initiu'’

270 4428 306 4491 (ι)
317 4429 392 4478 Cone
403 4429 540 4492 Aquiloni
551 4429 599 4480 826
610 4436 668 4479 tom.
680 4430 695 4479 i.
707 4414 751 4480 col.
763 4428 841 4480 Ilard.
