2738 5032
460 234 516 295 DE
539 235 677 331 VERBO
698 236 926 301 INTERIORI.

619 492 791 535 rnoroomo

45 626 52 637 “
135 629 261 687 Verbum
276 629 404 698 interino,
419 648 470 689 reu
485 616 646 689 immediata
657 630 713 691 Dei
726 634 861 693 revelatio
873 634 963 693 menti
975 635 1218 714 uniuscujusque,
1232 656 1286 697 oon

98 738 192 805 poteat
202 726 268 785 fidei
282 729 379 805 regula
392 731 485 788 statui.

133 820 296 881 Probatur.
317 824 459 885 Omnibus
475 826 530 884 illia
545 826 719 903 argumentis
733 830 835 902 quibua
850 838 960 887 constat
973 828 1068 889 Deum
1083 832 1286 891 revelationem
1307 813 1310 819 .

95 921 259 981 hominibua
281 924 395 992 tecleae,
415 924 498 1003 cujua
523 925 721 985 annuntiandae
741 942 846 991 mama
866 926 1035 1005 Apostolieo
1052 929 1221 994 ¹ministerio
1239 942 1287 990 ert

94 1021 291 1080 commissum.
335 1019 433 1079 Liceat
446 1022 539 1096 aliqua
554 1024 714 1081 testimonia
728 1022 756 1081 in
771 1025 936 1083 memoriam
951 1043 1095 1085 revocare.

134 1117 275 1176 “Enntea
290 1120 319 1178 in
335 1119 471 1178 mundum
486 1122 661 1188 universum,
675 1121 826 1199 predicate
841 1122 1031 1200 Evangelium
1043 1124 1122 1181 omni
1138 1136 1283 1184 creature.

95 1215 153 1282 Qui
174 1216 324 1275 crediderit
342 1230 372 1275 et
391 1218 549 1294 baptizatus
564 1218 656 1285 suerit,
682 1219 777 1277 salvus
801 1220 868 1286 erit;
892 1220 941 1293 qui
961 1218 1027 1278 verd
1051 1239 1110 1280 non
1135 1222 1283 1281 crediderit

93 1313 373 1373 condemnabitur.”¹
400 1315 480 1393 Ergo
494 1314 656 1391 predicatio
669 1316 832 1393 Evangelii,
845 1317 1003 1393 Apoatolici
1018 1317 1169 1391 ministerii
1183 1337 1281 1396 opera,

94 1421 139 1469 eat
152 1411 219 1469 fidei
233 1411 344 1489 regula3
357 1430 415 1470 non
428 1411 543 1469 interior
557 1413 665 1485 quaevis
675 1412 817 1471 revelatio.
861 1422 880 1449 ‘⁶
890 1413 954 1473 Noa
967 1433 1003 1472 ex
1012 1412 1076 1473 Deo
1088 1433 1200 1473 snmus.
1230 1416 1285 1484 Qui

93 1508 175 1566 norit
187 1507 294 1575 Deum,
307 1506 386 1565 audit
399 1527 471 1566 noa:
486 1509 536 1582 qui
550 1527 606 1567 uon
621 1520 713 1567 estex
726 1508 801 1576 Deo,
813 1528 872 1569 non
885 1509 961 1581 audit
971 1528 1043 1567 noa:
1056 1510 1086 1569 iu
1098 1508 1156 1568 hoc
1166 1529 1286 1588 cognor-

92 1607 187 1665 cimna
215 1606 347 1683 rpiritum
368 1608 505 1674 veritatis,
525 1620 554 1665 et
575 1608 705 1684 spiritum
733 1607 884 1666 erroria.”¹
922 1607 1092 1666 Praedicatio
1120 1609 1286 1685 apostoliea

91 1702 194 1761 iterum
207 1702 339 1760 statuitur
352 1721 462 1771 norma,
477 1702 512 1761 ad
526 1723 611 1777 quam
626 1702 697 1773 fides
711 1714 755 1761 eat
768 1702 924 1780 dirigenda.

132 1796 234 1855 Fidem
248 1798 327 1857 nulla
339 1798 395 1856 alia
405 1799 523 1866 ratione,
533 1799 617 1875 juxta
625 1798 754 1856 ordinem
763 1796 897 1856 divinitus
908 1800 1056 1866 statutum.
1065 1798 1280 1876 concipiendam

91 1894 198 1954 indicat
209 1896 384 1974 Apostolua:
427 1906 447 1932 “
457 1895 609 1964 Quomodo
619 1894 734 1953 credent
746 1896 774 1953 ei
786 1914 872 1968 quem
883 1913 942 1954 non
954 1895 1122 1957 audieruntl
1135 1895 1285 1971 quomodo

90 2004 185 2054 autem
199 1994 314 2063 audient
326 1995 389 2052 aine
403 1993 595 2071 praedicantei
616 1995 632 2029 *
653 1996 669 2030 ¹
691 2001 707 2035 ⁴
730 1992 809 2070 Ergo
823 1993 894 2051 fider
920 2012 958 2052 ex
978 1993 1087 2063 auditu,
1101 1994 1215 2053 auditus
1236 2014 1283 2055 an·

90 2100 148 2150 tem
162 2092 344 2168 perverbum
359 2089 493 2147 Ohrieti.⁸
532 2087 617 2156 Quod
637 2100 730 2147 antem
751 2086 852 2148 Amici
866 2089 920 2147 'illa
933 2090 1066 2167 Apostoli
1078 2091 1166 2149 verba
1177 2089 1222 2153 ,de
1236 2089 1282 2153 ad·
1293 2163 1296 2169 ,
1308 2156 1320 2163 Η

89 2189 233 2257 vereariir,
244 2206 316 2262 qnos
326 2187 381 2245 sibi
395 2186 484 2245 veluti
495 2186 666 2265 objicientes
678 2185 805 2255 exhibet,
816 2186 960 2271 explicare
974 2186 1087 2255 velint,⁴
1098 2190 1248 2247 contextui
1258 2197 1283 2249 et

89 2302 181 2364 roopo
195 2285 346 2345 manifeste
359 2294 516 2363 repugnat:
540 2303 605 2343 nam
620 2285 649 2343 in
663 2302 699 2342 eo
712 2294 757 2343 aet
778 2274 812 2342 ut
835 2283 965 2344 ostendat
987 2283 1106 2367 ludaeos
1122 2282 1280 2353 Christum,

91 2400 178 2455 quem
193 2384 372 2459 predicabat,
387 2382 552 2459 rejiciendo,
567 2381 699 2439 excidere
713 2400 730 2439 a
742 2381 842 2455 aalute.
885 2380 981 2441 “Hoc
1006 2392 1051 2461 eat
1071 2383 1193 2443 'verbum
1215 2382 1278 2442 fidei

91 2478 168 2550 qnod
183 2478 379 2554 praedicamur.
421 2477 510 2543 Quod
525 2478 550 2533 ei
563 2470 723 2537 confitearis
737 2477 767 2534 in
781 2496 830 2535 ore
845 2487 893 2537 tuo
907 2477 1064 2537 Dominum
1077 2476 1194 2548 Jeanm,
1206 2490 1235 2538 et
1251 2480 1278 2539 in

87 2571 173 2631 corde
186 2582 236 2631 tuo
247 2570 411 2643 credideris,
426 2570 504 2644 qnod
518 2570 598 2628 Deua
612 2570 693 2628 illum
707 2572 853 2630 suscitavit
869 2592 886 2630 a
909 2574 1039 2642 mortuis,
1054 2574 1153 2633 calvus
1170 2574 1278 2641 „cria”⁸

87 2668 215 2728 Salutem
229 2669 307 2728 illam
320 2668 454 2728 omnibns
468 2667 617 2726 Christum
631 2667 826 2727 invocantibus
838 2670 960 2731 oblatam
969 2670 1056 2739 dicit:
1071 2671 1124 2730 'aed
1134 2672 1277 2746 quomodo

86 2769 200 2848 poeaint
212 2787 314 2828 omnea
327 2786 394 2827 eum
408 2768 540 2826 invocare
554 2767 665 2840 quaerit,
679 2785 768 2842 quum
783 2767 918 2828 Ohrirtna
932 2770 1095 2843 neceaaario
1107 2772 1275 2853 annuntian-

86 2865 141 2925 dua
155 2866 203 2931 ait,
218 2877 249 2925 ut
262 2866 328 2939 quia
342 2884 407 2924 enm
422 2863 480 2923 tide
493 2864 616 2932 invocet,
625 2863 702 2936 qnod
717 2863 798 2923 lenire
808 2860 971 2924 testimonio
980 2865 1143 2925 confirmat.
1185 2867 1275 2927 Utitur

86 2963 222 3039 anceps
248 2948 410 3022 Peumata
430 2962 575 3029 vaticinio,
596 2971 628 3019 a
647 2961 779 3020 canoa
797 2963 928 3040 ananus
948 2974 978 3023 ct
996 2956 1108 3023 succa
1128 2964 1275 3023 cimam

85 3057 320 3125 annuntiandum,
335 3077 399 3131 que
414 3059 498 3117 verba
511 3058 626 3117 nonnisi
641 3059 789 3117 maniieata
805 3060 834 3118 vi
858 3060 936 3119 illata
959 3059 994 3119 de
1016 3060 1147 3120 interiori
1170 3072 1273 3125 tantum

83 3156 192 3221 lumine
207 3154 393 3232 explicantur.
435 3156 500 3212 Nec
514 3173 553 3212 ex
573 3173 608 3212 eo
631 3153 708 3231 quod
722 3173 868 3232 precones
887 3156 955 3215 fidei
976 3172 1035 3216 non
1056 3158 1167 3232 ubique
1190 3156 1275 3219 auditi

84 3256 189 3317 suerint
202 3253 420 3334 dnmeoriberet
432 3251 551 3319 Paulus,
565 3251 693 3324 requitur
705 3270 772 3329 enm
788 3252 824 3310 de
849 3254 959 3313 iuterna
979 3254 1152 3335 revelatione
1177 3244 1274 3331 locuit

84 3376 151 3417 nam
165 3375 224 3417 non
234 3362 345 3414 constan
357 3370 423 3410 eum
438 3350 474 3409 de
489 3343 686 3428 predicatione
699 3344 764 3428 jam
784 3350 857 3409 facta
876 3351 966 3426 loqui,
981 3353 1033 3411 sed
1054 3352 1091 3413 de
1105 3373 1140 3412 en
1160 3355 1274 3429 quein·
1317 3343 1319 3346 ’

84 3455 186 3515 cienda
199 3464 267 3523 erat,
282 3463 367 3531 prout
388 3462 464 3508 vatea
489 3449 520 3507 in
533 3449 644 3507 vicione
664 3436 871 3525 contemplatur
892 3450 998 3517 fuerat3
1025 3452 1157 3524 quamvis
1179 3472 1283 3512 revera

86 3551 261 3627 Evangelica
282 3547 443 3628 predicatio
463 3542 579 3619 ubique,
601 3534 821 3619 quodammodo,
842 3546 952 3631 inorbe
966 3549 1082 3624 cognito
1102 3548 1270 3623 incanuerit'¹

84 3657 113 3707 et
133 3647 327 3710 Romanorum
349 3646 421 3706 fider
441 3646 470 3704 in
492 3645 626 3703 univerae
645 3643 753 3703 mundo
773 3663 839 3703 enm
859 3663 963 3722 magna
985 3644 1174 3725 admiratione
1200 3648 1270 3731 cele·

84 3746 219 3805 bruretnr.
677 3788 681 3793 -
887 3753 890 3759 '
968 3730 971 3735 ’
1007 3820 1010 3825 ,

123 3839 267 3912 Equidem
282 3843 308 3901 ai
328 3842 377 3900 illa
398 3840 514 3900 interior
534 3839 590 3898 Dei
610 3839 661 3898 lnx
681 3840 719 3897 sit
737 3838 870 3916 primaria
890 3849 924 3897 ct
937 3840 1063 3917 perfecta
1078 3840 1147 3901 fidei
1169 3845 1271 3922 regula,

84 3940 185 4000 frustra
210 3937 366 4001 institutum
391 3949 435 3997 eet
448 3939 647 4005 ministerium,
660 3938 764 4010 sinistra
777 3937 875 4014 scripti
888 3948 956 3996 sunt
967 3938 1033 3997 libri
1052 3940 1266 4020 oacri,'Spiritu

84 4036 141 4099 Dei
156 4051 385 4113 unumquemque
400 4035 562 4095 immediate
576 4033 696 4093 docente
707 4050 823 4093 omnem
837 4033 994 4123 vamtatem.

311 4228 347 4287 (l)
360 4227 423 4279 Mat.
435 4228 483 4278 xvi.
495 4227 533 4278 16.

311 4309 347 4372 (2)
360 4311 452 4361 lJoan.
463 4313 494 4361 iv.
504 4313 526 4360 6.

311 4392 347 4453 (3)
359 4391 431 4441 Rom.
442 4411 464 4442 x.
480 4394 518 4453 14,
531 4392 569 4442 17.

286 4485 292 4504 ¹
312 4475 349 4536 (4)
366 4475 492 4540 Barclay'a
503 4477 625 4544 Apology,
635 4477 705 4542 Prop.
715 4476 745 4527 V.
757 4464 810 4527 and
817 4474 861 4526 VI.
871 4475 893 4537 d.
902 4475 968 4525 xxiii.
1002 4516 1005 4529 .

313 4563 350 4624 (5)
362 4558 499 4619 Romae.
942 4562 947 4573 ¹
