<?xml version="1.0" encoding="UTF-8"?>
<!DOCTYPE html PUBLIC "-//W3C//DTD XHTML 1.0 Transitional//EN"
    "http://www.w3.org/TR/xhtml1/DTD/xhtml1-transitional.dtd">
<html xmlns="http://www.w3.org/1999/xhtml" xml:lang="en" lang="en">
 <head>
  <title>
</title>
<meta http-equiv="Content-Type" content="text/html;charset=utf-8" />
  <meta name='ocr-system' content='tesseract 3.04.00' />
  <meta name='ocr-capabilities' content='ocr_page ocr_carea ocr_par ocr_line ocrx_word'/>
</head>
<body>
  <div class='ocr_page' id='page_1' title='image "./theologidogmati00kenrgoog_0138.png"; bbox 0 0 2738 5032; ppageno 0'>
   <div class='ocr_carea' id='block_1_1' title="bbox 682 110 1361 171">
    <p class='ocr_par' dir='ltr' id='par_1_1' title="bbox 682 110 1361 171">
     <span class='ocr_line' id='line_1_1' title="bbox 682 110 1361 171; baseline 0.004 -3"><span class='ocrx_word' id='word_1_1' title='bbox 682 110 858 171; x_wconf 77' lang='lat' dir='ltr'><strong>&#39;l&#39;ABULA.</strong></span> <span class='ocrx_word' id='word_1_2' title='bbox 1307 115 1361 171; x_wconf 80' lang='lat' dir='ltr'><strong>m</strong></span> 
     </span>
    </p>
   </div>
   <div class='ocr_carea' id='block_1_2' title="bbox 133 269 1363 4319">
    <p class='ocr_par' dir='ltr' id='par_1_2' title="bbox 170 269 1363 1415">
     <span class='ocr_line' id='line_1_2' title="bbox 187 269 1361 348; baseline -0.003 -18"><span class='ocrx_word' id='word_1_3' title='bbox 187 269 314 330; x_wconf 80' lang='lat' dir='ltr'><strong>Sinonsis</strong></span> <span class='ocrx_word' id='word_1_4' title='bbox 327 270 440 347; x_wconf 84' lang='lat' dir='ltr'><strong>imperii</strong></span> <span class='ocrx_word' id='word_1_5' title='bbox 452 272 586 330; x_wconf 72' lang='lat' dir='ltr'><strong>extremis</strong></span> <span class='ocrx_word' id='word_1_6' title='bbox 597 270 683 328; x_wconf 87' lang='lat' dir='ltr'><strong>veluti</strong></span> <span class='ocrx_word' id='word_1_7' title='bbox 695 271 764 327; x_wconf 90' lang='lat' dir='ltr'><strong>oris.</strong></span> <span class='ocrx_word' id='word_1_8' title='bbox 805 270 889 347; x_wconf 79' lang='lat' dir='ltr'><strong>Apud</strong></span> <span class='ocrx_word' id='word_1_9' title='bbox 903 271 1039 329; x_wconf 84' lang='lat' dir='ltr'><strong>Sinenses</strong></span> <span class='ocrx_word' id='word_1_10' title='bbox 1053 272 1132 348; x_wconf 88' lang='lat' dir='ltr'><strong>ipsos</strong></span> <span class='ocrx_word' id='word_1_11' title='bbox 1144 275 1252 339; x_wconf 74' lang='lat'><strong>⁰0,000</strong></span> <span class='ocrx_word' id='word_1_12' title='bbox 1264 288 1361 329; x_wconf 67' lang='lat' dir='ltr'><strong>nume</strong></span> 
     </span>
     <span class='ocr_line' id='line_1_3' title="bbox 183 366 1362 445; baseline 0.003 -22"><span class='ocrx_word' id='word_1_13' title='bbox 183 376 286 434; x_wconf 90' lang='lat' dir='ltr'><strong>rantur,</strong></span> <span class='ocrx_word' id='word_1_14' title='bbox 302 366 377 444; x_wconf 92' lang='lat' dir='ltr'><strong>apud</strong></span> <span class='ocrx_word' id='word_1_15' title='bbox 400 367 486 426; x_wconf 86' lang='lat' dir='ltr'><strong>lndoa</strong></span> <span class='ocrx_word' id='word_1_16' title='bbox 508 368 665 427; x_wconf 87' lang='lat' dir='ltr'><strong>Orientales</strong></span> <span class='ocrx_word' id='word_1_17' title='bbox 679 370 819 434; x_wconf 74' lang='lat' dir='ltr'><strong>toouot),</strong></span> <span class='ocrx_word' id='word_1_18' title='bbox 834 380 861 424; x_wconf 89' lang='lat' dir='ltr'><strong>et</strong></span> <span class='ocrx_word' id='word_1_19' title='bbox 881 369 910 425; x_wconf 92' lang='lat' dir='ltr'><strong>in</strong></span> <span class='ocrx_word' id='word_1_20' title='bbox 924 368 1064 425; x_wconf 69' lang='lat' dir='ltr'><strong>lustralia</strong></span> <span class='ocrx_word' id='word_1_21' title='bbox 1078 367 1289 445; x_wconf 78' lang='lat' dir='ltr'><strong>quamplurimi.</strong></span> <span class='ocrx_word' id='word_1_22' title='bbox 1328 366 1362 426; x_wconf 91' lang='lat' dir='ltr'><strong>lu</strong></span> 
     </span>
     <span class='ocr_line' id='line_1_4' title="bbox 183 461 1363 540; baseline 0.002 -21"><span class='ocrx_word' id='word_1_23' title='bbox 183 461 277 521; x_wconf 78' lang='lat' dir='ltr'><strong>Africa</strong></span> <span class='ocrx_word' id='word_1_24' title='bbox 290 481 348 520; x_wconf 90' lang='lat' dir='ltr'><strong>non</strong></span> <span class='ocrx_word' id='word_1_25' title='bbox 362 461 464 521; x_wconf 89' lang='lat' dir='ltr'><strong>desunt</strong></span> <span class='ocrx_word' id='word_1_26' title='bbox 484 463 625 521; x_wconf 78' lang='lat' dir='ltr'><strong>Catholici</strong></span> <span class='ocrx_word' id='word_1_27' title='bbox 639 463 668 519; x_wconf 94' lang='lat' dir='ltr'><strong>in</strong></span> <span class='ocrx_word' id='word_1_28' title='bbox 684 463 824 538; x_wconf 86' lang='lat' dir='ltr'><strong>AEgypto,</strong></span> <span class='ocrx_word' id='word_1_29' title='bbox 840 463 868 520; x_wconf 92' lang='lat' dir='ltr'><strong>in</strong></span> <span class='ocrx_word' id='word_1_30' title='bbox 884 464 1023 521; x_wconf 79' lang='lat' dir='ltr'><strong>Barbarie</strong></span> <span class='ocrx_word' id='word_1_31' title='bbox 1037 463 1107 520; x_wconf 87' lang='lat' dir='ltr'><strong>locis</strong></span> <span class='ocrx_word' id='word_1_32' title='bbox 1122 462 1280 532; x_wconf 78' lang='lat' dir='ltr'><strong>maritimis,</strong></span> <span class='ocrx_word' id='word_1_33' title='bbox 1288 462 1363 540; x_wconf 84' lang='lat' dir='ltr'><strong>jam-</strong></span> 
     </span>
     <span class='ocr_line' id='line_1_5' title="bbox 180 559 1363 637; baseline 0.001 -21"><span class='ocrx_word' id='word_1_34' title='bbox 180 576 237 636; x_wconf 88' lang='lat' dir='ltr'><strong>que</strong></span> <span class='ocrx_word' id='word_1_35' title='bbox 253 568 346 616; x_wconf 87' lang='lat' dir='ltr'><strong>erecta</strong></span> <span class='ocrx_word' id='word_1_36' title='bbox 364 569 409 617; x_wconf 92' lang='lat' dir='ltr'><strong>est</strong></span> <span class='ocrx_word' id='word_1_37' title='bbox 426 559 511 617; x_wconf 84' lang='lat' dir='ltr'><strong>sedes</strong></span> <span class='ocrx_word' id='word_1_38' title='bbox 532 559 713 636; x_wconf 89' lang='lat' dir='ltr'><strong>Episcopalis</strong></span> <span class='ocrx_word' id='word_1_39' title='bbox 737 559 820 617; x_wconf 86' lang='lat' dir='ltr'><strong>Juliae</strong></span> <span class='ocrx_word' id='word_1_40' title='bbox 843 559 1006 619; x_wconf 80' lang='lat' dir='ltr'><strong>Caesmeae.¹</strong></span> <span class='ocrx_word' id='word_1_41' title='bbox 1046 560 1079 618; x_wconf 91' lang='lat' dir='ltr'><strong>ln</strong></span> <span class='ocrx_word' id='word_1_42' title='bbox 1100 579 1186 637; x_wconf 81' lang='lat' dir='ltr'><strong>regno</strong></span> <span class='ocrx_word' id='word_1_43' title='bbox 1207 560 1320 637; x_wconf 82' lang='lat' dir='ltr'>Congo,</span> <span class='ocrx_word' id='word_1_44' title='bbox 1334 570 1363 617; x_wconf 87' lang='lat' dir='ltr'><strong>et</strong></span> 
     </span>
     <span class='ocr_line' id='line_1_6' title="bbox 181 656 1363 735; baseline 0.001 -21"><span class='ocrx_word' id='word_1_45' title='bbox 181 674 269 735; x_wconf 76' lang='lat' dir='ltr'><strong>prope</strong></span> <span class='ocrx_word' id='word_1_46' title='bbox 289 657 512 733; x_wconf 83' lang='lat' dir='ltr'><strong>promontorium</strong></span> <span class='ocrx_word' id='word_1_47' title='bbox 532 656 607 728; x_wconf 92' lang='lat' dir='ltr'><strong>quod</strong></span> <span class='ocrx_word' id='word_1_48' title='bbox 630 669 714 733; x_wconf 91' lang='lat' dir='ltr'><strong>caput</strong></span> <span class='ocrx_word' id='word_1_49' title='bbox 736 656 824 715; x_wconf 83' lang='lat' dir='ltr'><strong>Bonae</strong></span> <span class='ocrx_word' id='word_1_50' title='bbox 846 659 908 733; x_wconf 91' lang='lat' dir='ltr'><strong>spei</strong></span> <span class='ocrx_word' id='word_1_51' title='bbox 928 657 1015 725; x_wconf 89' lang='lat' dir='ltr'><strong>audit,</strong></span> <span class='ocrx_word' id='word_1_52' title='bbox 1036 668 1079 715; x_wconf 89' lang='lat' dir='ltr'><strong>est</strong></span> <span class='ocrx_word' id='word_1_53' title='bbox 1102 676 1215 730; x_wconf 91' lang='lat' dir='ltr'><strong>quoque</strong></span> <span class='ocrx_word' id='word_1_54' title='bbox 1241 658 1363 735; x_wconf 84' lang='lat' dir='ltr'><strong>Episco-</strong></span> 
     </span>
     <span class='ocr_line' id='line_1_7' title="bbox 184 753 1363 831; baseline 0 -21"><span class='ocrx_word' id='word_1_55' title='bbox 184 772 247 829; x_wconf 84' lang='lat' dir='ltr'><strong>pus..</strong></span> <span class='ocrx_word' id='word_1_56' title='bbox 289 753 365 811; x_wconf 88' lang='lat' dir='ltr'><strong>Tota</strong></span> <span class='ocrx_word' id='word_1_57' title='bbox 386 754 516 811; x_wconf 77' lang='lat' dir='ltr'><strong>America</strong></span> <span class='ocrx_word' id='word_1_58' title='bbox 530 753 731 819; x_wconf 83' lang='lat' dir='ltr'><strong>meridionalis,</strong></span> <span class='ocrx_word' id='word_1_59' title='bbox 746 755 874 830; x_wconf 87' lang='lat' dir='ltr'><strong>exeeptis</strong></span> <span class='ocrx_word' id='word_1_60' title='bbox 894 754 964 812; x_wconf 90' lang='lat' dir='ltr'><strong>locis</strong></span> <span class='ocrx_word' id='word_1_61' title='bbox 985 755 1123 826; x_wconf 77' lang='lat' dir='ltr'><strong>aliquibus</strong></span> <span class='ocrx_word' id='word_1_62' title='bbox 1138 755 1167 811; x_wconf 90' lang='lat' dir='ltr'><strong>iu</strong></span> <span class='ocrx_word' id='word_1_63' title='bbox 1188 754 1291 825; x_wconf 90' lang='lat' dir='ltr'><strong>quibus</strong></span> <span class='ocrx_word' id='word_1_64' title='bbox 1303 753 1363 831; x_wconf 82' lang='lat' dir='ltr'><strong>syl-</strong></span> 
     </span>
     <span class='ocr_line' id='line_1_8' title="bbox 184 850 1361 928; baseline 0.002 -21"><span class='ocrx_word' id='word_1_65' title='bbox 184 862 289 909; x_wconf 72' lang='lat' dir='ltr'><strong>amires</strong></span> <span class='ocrx_word' id='word_1_66' title='bbox 308 850 414 928; x_wconf 91' lang='lat' dir='ltr'><strong>degunt</strong></span> <span class='ocrx_word' id='word_1_67' title='bbox 433 851 572 916; x_wconf 84' lang='lat' dir='ltr'><strong>homines,</strong></span> <span class='ocrx_word' id='word_1_68' title='bbox 594 851 771 908; x_wconf 71' lang='lat' dir='ltr'><strong>catholicam</strong></span> <span class='ocrx_word' id='word_1_69' title='bbox 792 855 937 927; x_wconf 88' lang='lat' dir='ltr'><strong>profitetur</strong></span> <span class='ocrx_word' id='word_1_70' title='bbox 955 852 1051 918; x_wconf 86' lang='lat' dir='ltr'><strong>tidem,</strong></span> <span class='ocrx_word' id='word_1_71' title='bbox 1069 871 1132 924; x_wconf 78' lang='lat' dir='ltr'><strong>quae</strong></span> <span class='ocrx_word' id='word_1_72' title='bbox 1153 863 1182 908; x_wconf 88' lang='lat' dir='ltr'><strong>et</strong></span> <span class='ocrx_word' id='word_1_73' title='bbox 1202 852 1361 910; x_wconf 82' lang='lat' dir='ltr'><strong>Mexicausa</strong></span> 
     </span>
     <span class='ocr_line' id='line_1_9' title="bbox 170 942 1362 1024; baseline 0.003 -20"><span class='ocrx_word' id='word_1_74' title='bbox 170 942 344 1024; x_wconf 67' lang='lat' dir='ltr'><strong>&#39;reipublicae</strong></span> <span class='ocrx_word' id='word_1_75' title='bbox 358 946 517 1005; x_wconf 83' lang='lat' dir='ltr'><strong>cbmmuuis</strong></span> <span class='ocrx_word' id='word_1_76' title='bbox 532 961 584 1005; x_wconf 89' lang='lat' dir='ltr'><strong>est.</strong></span> <span class='ocrx_word' id='word_1_77' title='bbox 627 948 712 1024; x_wconf 85' lang='lat' dir='ltr'><strong>Viget</strong></span> <span class='ocrx_word' id='word_1_78' title='bbox 725 949 753 1005; x_wconf 92' lang='lat' dir='ltr'><strong>in</strong></span> <span class='ocrx_word' id='word_1_79' title='bbox 763 949 904 1024; x_wconf 87' lang='lat' dir='ltr'><strong>plerisque</strong></span> <span class='ocrx_word' id='word_1_80' title='bbox 916 949 1239 1024; x_wconf 73' lang='lat' dir='ltr'><strong>locisSeptemtrinnalis</strong></span> <span class='ocrx_word' id='word_1_81' title='bbox 1253 949 1362 1007; x_wconf 80' lang='lat' dir='ltr'><strong>Amari-</strong></span> 
     </span>
     <span class='ocr_line' id='line_1_10' title="bbox 179 1045 1361 1123; baseline 0.002 -20"><span class='ocrx_word' id='word_1_82' title='bbox 179 1064 230 1112; x_wconf 69' lang='grc' dir='ltr'><strong>ω,</strong></span> <span class='ocrx_word' id='word_1_83' title='bbox 245 1064 310 1118; x_wconf 80' lang='lat' dir='ltr'><strong>quae</strong></span> <span class='ocrx_word' id='word_1_84' title='bbox 321 1045 483 1105; x_wconf 86' lang='lat' dir='ltr'><strong>Britannico</strong></span> <span class='ocrx_word' id='word_1_85' title='bbox 494 1047 638 1121; x_wconf 88' lang='lat' dir='ltr'><strong>subjacent</strong></span> <span class='ocrx_word' id='word_1_86' title='bbox 647 1047 775 1122; x_wconf 87' lang='lat' dir='ltr'><strong>imperio,</strong></span> <span class='ocrx_word' id='word_1_87' title='bbox 787 1048 940 1123; x_wconf 70' lang='lat' dir='ltr'><strong>praesertim</strong></span> <span class='ocrx_word' id='word_1_88' title='bbox 951 1048 978 1103; x_wconf 87' lang='lat' dir='ltr'><strong>in</strong></span> <span class='ocrx_word' id='word_1_89' title='bbox 989 1047 1141 1122; x_wconf 88' lang='lat' dir='ltr'><strong>provinciis</strong></span> <span class='ocrx_word' id='word_1_90' title='bbox 1152 1045 1285 1114; x_wconf 76' lang='lat' dir='ltr'><strong>Canadae,</strong></span> <span class='ocrx_word' id='word_1_91' title='bbox 1295 1048 1361 1105; x_wconf 89' lang='lat' dir='ltr'><strong>etin</strong></span> 
     </span>
     <span class='ocr_line' id='line_1_11' title="bbox 184 1144 1360 1225; baseline 0.001 -24"><span class='ocrx_word' id='word_1_92' title='bbox 184 1144 326 1220; x_wconf 88' lang='lat' dir='ltr'><strong>plerisque</strong></span> <span class='ocrx_word' id='word_1_93' title='bbox 336 1144 759 1217; x_wconf 81' lang='lat' dir='ltr'><strong>insulisutriqueAmericae,vel</strong></span> <span class='ocrx_word' id='word_1_94' title='bbox 770 1147 853 1203; x_wconf 92' lang='lat' dir='ltr'><strong>etiam</strong></span> <span class='ocrx_word' id='word_1_95' title='bbox 866 1147 1001 1225; x_wconf 80' lang='lat' dir='ltr'><strong>Europae,</strong></span> <span class='ocrx_word' id='word_1_96' title='bbox 1008 1146 1053 1202; x_wconf 87' lang='lat' dir='ltr'><strong>vel</strong></span> <span class='ocrx_word' id='word_1_97' title='bbox 1062 1145 1149 1211; x_wconf 72' lang='lat' dir='ltr'><strong>Asiae,</strong></span> <span class='ocrx_word' id='word_1_98' title='bbox 1159 1144 1360 1222; x_wconf 87' lang='lat' dir='ltr'><strong>adjacentibus,</strong></span> 
     </span>
     <span class='ocr_line' id='line_1_12' title="bbox 182 1240 1362 1319; baseline -0.001 -19"><span class='ocrx_word' id='word_1_99' title='bbox 182 1240 323 1315; x_wconf 82' lang='lat' dir='ltr'><strong>¹inquibus</strong></span> <span class='ocrx_word' id='word_1_100' title='bbox 333 1241 442 1309; x_wconf 82' lang='lat' dir='ltr'><strong>Christi</strong></span> <span class='ocrx_word' id='word_1_101' title='bbox 452 1242 734 1317; x_wconf 29' lang='lat' dir='ltr'><strong>nomenlaliquatenus</strong></span> <span class='ocrx_word' id='word_1_102' title='bbox 742 1244 910 1319; x_wconf 85' lang='lat' dir='ltr'><strong>agnoscitur.</strong></span> <span class='ocrx_word' id='word_1_103' title='bbox 928 1242 962 1301; x_wconf 90' lang='lat' dir='ltr'><strong>lu</strong></span> <span class='ocrx_word' id='word_1_104' title='bbox 970 1244 1014 1300; x_wconf 91' lang='lat' dir='ltr'><strong>bis</strong></span> <span class='ocrx_word' id='word_1_105' title='bbox 1022 1242 1158 1301; x_wconf 72' lang='lat' dir='ltr'><strong>sederatis</strong></span> <span class='ocrx_word' id='word_1_106' title='bbox 1167 1241 1318 1317; x_wconf 86' lang='lat' dir='ltr'><strong>provinciis</strong></span> <span class='ocrx_word' id='word_1_107' title='bbox 1325 1241 1362 1299; x_wconf 90' lang='lat' dir='ltr'><strong>ad</strong></span> 
     </span>
     <span class='ocr_line' id='line_1_13' title="bbox 182 1338 1360 1415; baseline -0.001 -18"><span class='ocrx_word' id='word_1_108' title='bbox 182 1338 336 1407; x_wconf 79' lang='lat' dir='ltr'><strong>millionem</strong></span> <span class='ocrx_word' id='word_1_109' title='bbox 347 1339 405 1397; x_wconf 85' lang='lat' dir='ltr'><strong>fers</strong></span> <span class='ocrx_word' id='word_1_110' title='bbox 416 1339 572 1415; x_wconf 84' lang='lat' dir='ltr'><strong>pertingere</strong></span> <span class='ocrx_word' id='word_1_111' title='bbox 583 1358 741 1397; x_wconf 80' lang='lat' dir='ltr'><strong>censemur.</strong></span> <span class='ocrx_word' id='word_1_112' title='bbox 783 1340 945 1398; x_wconf 85' lang='lat' dir='ltr'><strong>Per-orbem</strong></span> <span class='ocrx_word' id='word_1_113' title='bbox 959 1344 1154 1408; x_wconf 84' lang='lat'><strong>180‚000,000</strong></span> <span class='ocrx_word' id='word_1_114' title='bbox 1169 1350 1360 1399; x_wconf 89' lang='lat' dir='ltr'><strong>numerantur.</strong></span> 
     </span>
    </p>

    <p class='ocr_par' dir='ltr' id='par_1_3' title="bbox 185 1418 1362 1896">
     <span class='ocr_line' id='line_1_14' title="bbox 220 1418 1362 1509; baseline 0.001 -16"><span class='ocrx_word' id='word_1_115' title='bbox 220 1418 319 1499; x_wconf 62' lang='lat' dir='ltr'><strong>¹(irrisui</strong></span> <span class='ocrx_word' id='word_1_116' title='bbox 333 1434 513 1493; x_wconf 82' lang='lat' dir='ltr'><strong>Schismatici</strong></span> <span class='ocrx_word' id='word_1_117' title='bbox 534 1434 563 1492; x_wconf 91' lang='lat' dir='ltr'><strong>iu</strong></span> <span class='ocrx_word' id='word_1_118' title='bbox 578 1434 683 1491; x_wconf 86' lang='lat' dir='ltr'><strong>Russia</strong></span> <span class='ocrx_word' id='word_1_119' title='bbox 703 1436 887 1509; x_wconf 86' lang='lat' dir='ltr'><strong>reperiuntur,</strong></span> <span class='ocrx_word' id='word_1_120' title='bbox 903 1437 975 1492; x_wconf 84' lang='lat' dir='ltr'><strong>sicut</strong></span> <span class='ocrx_word' id='word_1_121' title='bbox 994 1438 1098 1509; x_wconf 87' lang='lat' dir='ltr'><strong>ubique</strong></span> <span class='ocrx_word' id='word_1_122' title='bbox 1119 1436 1221 1494; x_wconf 80' lang='lat' dir='ltr'><strong>sercin</strong></span> <span class='ocrx_word' id='word_1_123' title='bbox 1235 1435 1362 1494; x_wconf 86' lang='lat' dir='ltr'><strong>Turebia</strong></span> 
     </span>
     <span class='ocr_line' id='line_1_15' title="bbox 185 1518 1360 1608; baseline 0.001 -18"><span class='ocrx_word' id='word_1_124' title='bbox 185 1518 337 1608; x_wconf 81' lang='lat' dir='ltr'><strong>Europoea,</strong></span> <span class='ocrx_word' id='word_1_125' title='bbox 350 1541 379 1607; x_wconf 81' lang='lat' dir='ltr'><strong>et</strong></span> <span class='ocrx_word' id='word_1_126' title='bbox 391 1531 525 1597; x_wconf 77' lang='lat' dir='ltr'><strong>Asiatica,</strong></span> <span class='ocrx_word' id='word_1_127' title='bbox 539 1541 568 1587; x_wconf 92' lang='lat' dir='ltr'><strong>et</strong></span> <span class='ocrx_word' id='word_1_128' title='bbox 580 1530 608 1589; x_wconf 94' lang='lat' dir='ltr'><strong>in</strong></span> <span class='ocrx_word' id='word_1_129' title='bbox 624 1531 765 1606; x_wconf 86' lang='lat' dir='ltr'><strong>AEgypto.</strong></span> <span class='ocrx_word' id='word_1_130' title='bbox 808 1530 895 1587; x_wconf 86' lang='lat' dir='ltr'><strong>Russi</strong></span> <span class='ocrx_word' id='word_1_131' title='bbox 907 1541 1001 1587; x_wconf 88' lang='lat' dir='ltr'><strong>tamen</strong></span> <span class='ocrx_word' id='word_1_132' title='bbox 1015 1530 1360 1608; x_wconf 75' lang='lat' dir='ltr'><strong>constantinopolitanum</strong></span> 
     </span>
     <span class='ocr_line' id='line_1_16' title="bbox 185 1627 1362 1702; baseline 0 -17"><span class='ocrx_word' id='word_1_133' title='bbox 185 1627 355 1693; x_wconf 70' lang='lat' dir='ltr'><strong>tomorum,</strong></span> <span class='ocrx_word' id='word_1_134' title='bbox 370 1627 419 1699; x_wconf 87' lang='lat' dir='ltr'><strong>qui</strong></span> <span class='ocrx_word' id='word_1_135' title='bbox 431 1627 572 1702; x_wconf 85' lang='lat' dir='ltr'><strong>plerisque</strong></span> <span class='ocrx_word' id='word_1_136' title='bbox 584 1637 695 1702; x_wconf 80' lang='lat' dir='ltr'><strong>praeest,</strong></span> <span class='ocrx_word' id='word_1_137' title='bbox 705 1645 761 1684; x_wconf 95' lang='lat' dir='ltr'><strong>non</strong></span> <span class='ocrx_word' id='word_1_138' title='bbox 773 1637 938 1702; x_wconf 85' lang='lat' dir='ltr'><strong>agnoscunt.</strong></span> <span class='ocrx_word' id='word_1_139' title='bbox 981 1629 1183 1695; x_wconf 43' lang='lat' dir='ltr'><strong>30‚000‚ooo,a</strong></span> <span class='ocrx_word' id='word_1_140' title='bbox 1194 1628 1362 1695; x_wconf 88' lang='lat' dir='ltr'><strong>nonnullis,¹</strong></span> 
     </span>
     <span class='ocr_line' id='line_1_17' title="bbox 185 1723 1361 1799; baseline 0 -18"><span class='ocrx_word' id='word_1_141' title='bbox 185 1726 370 1792; x_wconf 82' lang='lat' dir='ltr'><strong>tl,ooo,(tu⁰,</strong></span> <span class='ocrx_word' id='word_1_142' title='bbox 381 1724 415 1780; x_wconf 93' lang='lat' dir='ltr'><strong>ab</strong></span> <span class='ocrx_word' id='word_1_143' title='bbox 429 1723 491 1780; x_wconf 91' lang='lat' dir='ltr'><strong>aliis</strong></span> <span class='ocrx_word' id='word_1_144' title='bbox 504 1733 694 1790; x_wconf 84' lang='lat' dir='ltr'><strong>recensentur,</strong></span> <span class='ocrx_word' id='word_1_145' title='bbox 707 1724 809 1795; x_wconf 91' lang='lat' dir='ltr'><strong>quibus</strong></span> <span class='ocrx_word' id='word_1_146' title='bbox 821 1734 912 1781; x_wconf 87' lang='lat' dir='ltr'><strong>tamen</strong></span> <span class='ocrx_word' id='word_1_147' title='bbox 928 1723 1094 1799; x_wconf 88' lang='lat' dir='ltr'><strong>plemmque</strong></span> <span class='ocrx_word' id='word_1_148' title='bbox 1108 1732 1258 1780; x_wconf 83' lang='lat' dir='ltr'><strong>accensent</strong></span> <span class='ocrx_word' id='word_1_149' title='bbox 1270 1735 1361 1783; x_wconf 84' lang='lat' dir='ltr'><strong>sectas</strong></span> 
     </span>
     <span class='ocr_line' id='line_1_18' title="bbox 185 1818 1359 1896; baseline 0 -19"><span class='ocrx_word' id='word_1_150' title='bbox 185 1819 258 1888; x_wconf 88' lang='lat' dir='ltr'><strong>alias,</strong></span> <span class='ocrx_word' id='word_1_151' title='bbox 268 1838 374 1895; x_wconf 86' lang='lat' dir='ltr'><strong>nempe</strong></span> <span class='ocrx_word' id='word_1_152' title='bbox 384 1819 413 1876; x_wconf 94' lang='lat' dir='ltr'>N</span> <span class='ocrx_word' id='word_1_153' title='bbox 415 1819 580 1887; x_wconf 90' lang='lat' dir='ltr'><strong>estorianns,</strong></span> <span class='ocrx_word' id='word_1_154' title='bbox 589 1819 607 1877; x_wconf 87' lang='lat' dir='ltr'>J</span> <span class='ocrx_word' id='word_1_155' title='bbox 609 1821 742 1886; x_wconf 84' lang='lat' dir='ltr'><strong>acobitas,</strong></span> <span class='ocrx_word' id='word_1_156' title='bbox 751 1820 902 1886; x_wconf 78' lang='lat' dir='ltr'><strong>Armanas,</strong></span> <span class='ocrx_word' id='word_1_157' title='bbox 913 1819 1032 1896; x_wconf 83' lang='lat' dir='ltr'><strong>Coptos,</strong></span> <span class='ocrx_word' id='word_1_158' title='bbox 1043 1819 1212 1895; x_wconf 78' lang='lat' dir='ltr'><strong>Abyssinos‚</strong></span> <span class='ocrx_word' id='word_1_159' title='bbox 1223 1818 1359 1891; x_wconf 88' lang='lat' dir='ltr'><strong>aliosque.</strong></span> 
     </span>
    </p>

    <p class='ocr_par' dir='ltr' id='par_1_4' title="bbox 165 1901 1362 4031">
     <span class='ocr_line' id='line_1_19' title="bbox 219 1901 1361 1992; baseline -0.002 -17"><span class='ocrx_word' id='word_1_160' title='bbox 219 1902 412 1979; x_wconf 80' lang='lat' dir='ltr'><strong>Protestantes</strong></span> <span class='ocrx_word' id='word_1_161' title='bbox 433 1915 462 1973; x_wconf 87' lang='lat' dir='ltr'><strong>in</strong></span> <span class='ocrx_word' id='word_1_162' title='bbox 481 1916 641 1973; x_wconf 89' lang='lat' dir='ltr'><strong>innumeras</strong></span> <span class='ocrx_word' id='word_1_163' title='bbox 664 1916 747 1972; x_wconf 89' lang='lat' dir='ltr'><strong>divisi</strong></span> <span class='ocrx_word' id='word_1_164' title='bbox 770 1901 871 1982; x_wconf 86' lang='lat' dir='ltr'><strong>sectas,</strong></span> <span class='ocrx_word' id='word_1_165' title='bbox 889 1916 984 1992; x_wconf 89' lang='lat' dir='ltr'><strong>plures</strong></span> <span class='ocrx_word' id='word_1_166' title='bbox 1006 1915 1129 1992; x_wconf 77' lang='lat' dir='ltr'><strong>Europae</strong></span> <span class='ocrx_word' id='word_1_167' title='bbox 1144 1914 1280 1973; x_wconf 86' lang='lat' dir='ltr'><strong>obtinent</strong></span> <span class='ocrx_word' id='word_1_168' title='bbox 1297 1933 1361 1991; x_wconf 88' lang='lat' dir='ltr'><strong>pro·</strong></span> 
     </span>
     <span class='ocr_line' id='line_1_20' title="bbox 187 2006 1361 2088; baseline -0.001 -19"><span class='ocrx_word' id='word_1_169' title='bbox 187 2006 300 2078; x_wconf 80' lang='lat' dir='ltr'><strong>vincias,</strong></span> <span class='ocrx_word' id='word_1_170' title='bbox 315 2011 447 2088; x_wconf 79' lang='lat' dir='ltr'><strong>Angliam</strong></span> <span class='ocrx_word' id='word_1_171' title='bbox 462 2011 579 2078; x_wconf 88' lang='lat' dir='ltr'><strong>scilicet,</strong></span> <span class='ocrx_word' id='word_1_172' title='bbox 595 2011 730 2078; x_wconf 88' lang='lat' dir='ltr'><strong>Scotiam,</strong></span> <span class='ocrx_word' id='word_1_173' title='bbox 745 2011 876 2078; x_wconf 90' lang='lat' dir='ltr'><strong>Daniam,</strong></span> <span class='ocrx_word' id='word_1_174' title='bbox 892 2011 1035 2078; x_wconf 87' lang='lat' dir='ltr'><strong>Sueviam,</strong></span> <span class='ocrx_word' id='word_1_175' title='bbox 1058 2011 1242 2087; x_wconf 88' lang='lat' dir='ltr'><strong>Norvegiam,</strong></span> <span class='ocrx_word' id='word_1_176' title='bbox 1256 2011 1361 2071; x_wconf 90' lang='lat' dir='ltr'><strong>Borus·</strong></span> 
     </span>
     <span class='ocr_line' id='line_1_21' title="bbox 185 2101 1360 2185; baseline 0.003 -20"><span class='ocrx_word' id='word_1_177' title='bbox 185 2108 261 2178; x_wconf 87' lang='lat' dir='ltr'><strong>siam,</strong></span> <span class='ocrx_word' id='word_1_178' title='bbox 276 2109 434 2176; x_wconf 83' lang='lat' dir='ltr'><strong>Bataviam,</strong></span> <span class='ocrx_word' id='word_1_179' title='bbox 449 2109 600 2185; x_wconf 86' lang='lat' dir='ltr'><strong>pluresque</strong></span> <span class='ocrx_word' id='word_1_180' title='bbox 614 2108 774 2165; x_wconf 72' lang='lat' dir='ltr'><strong>Germania</strong></span> <span class='ocrx_word' id='word_1_181' title='bbox 786 2101 954 2184; x_wconf 84' lang='lat' dir='ltr'><strong>provincias,</strong></span> <span class='ocrx_word' id='word_1_182' title='bbox 967 2120 995 2165; x_wconf 87' lang='lat' dir='ltr'><strong>et</strong></span> <span class='ocrx_word' id='word_1_183' title='bbox 1008 2128 1138 2185; x_wconf 87' lang='lat' dir='ltr'><strong>magnam</strong></span> <span class='ocrx_word' id='word_1_184' title='bbox 1153 2109 1360 2185; x_wconf 79' lang='lat' dir='ltr'><strong>provinciarum</strong></span> 
     </span>
     <span class='ocr_line' id='line_1_22' title="bbox 184 2204 1360 2282; baseline 0.002 -19"><span class='ocrx_word' id='word_1_185' title='bbox 184 2204 375 2269; x_wconf 75' lang='lat' dir='ltr'><strong>sceleratarum</strong></span> <span class='ocrx_word' id='word_1_186' title='bbox 390 2216 507 2282; x_wconf 71' lang='lat' dir='ltr'><strong>parum.</strong></span> <span class='ocrx_word' id='word_1_187' title='bbox 549 2205 582 2263; x_wconf 91' lang='lat' dir='ltr'><strong>Iu</strong></span> <span class='ocrx_word' id='word_1_188' title='bbox 597 2205 696 2262; x_wconf 91' lang='lat' dir='ltr'><strong>insulis</strong></span> <span class='ocrx_word' id='word_1_189' title='bbox 708 2224 820 2278; x_wconf 91' lang='lat' dir='ltr'><strong>quoque</strong></span> <span class='ocrx_word' id='word_1_190' title='bbox 835 2206 977 2263; x_wconf 91' lang='lat' dir='ltr'><strong>nonnullis</strong></span> <span class='ocrx_word' id='word_1_191' title='bbox 989 2205 1131 2265; x_wconf 89' lang='lat' dir='ltr'><strong>lndiamm</strong></span> <span class='ocrx_word' id='word_1_192' title='bbox 1145 2207 1360 2266; x_wconf 88' lang='lat' dir='ltr'><strong>occidentalium</strong></span> 
     </span>
     <span class='ocr_line' id='line_1_23' title="bbox 184 2301 1361 2378; baseline 0.003 -20"><span class='ocrx_word' id='word_1_193' title='bbox 184 2311 210 2361; x_wconf 88' lang='lat' dir='ltr'><strong>st</strong></span> <span class='ocrx_word' id='word_1_194' title='bbox 221 2301 419 2368; x_wconf 89' lang='lat' dir='ltr'><strong>Orientalium,</strong></span> <span class='ocrx_word' id='word_1_195' title='bbox 434 2312 463 2359; x_wconf 89' lang='lat' dir='ltr'><strong>ct</strong></span> <span class='ocrx_word' id='word_1_196' title='bbox 473 2303 503 2360; x_wconf 91' lang='lat' dir='ltr'><strong>in</strong></span> <span class='ocrx_word' id='word_1_197' title='bbox 516 2302 574 2359; x_wconf 84' lang='lat' dir='ltr'><strong>oris</strong></span> <span class='ocrx_word' id='word_1_198' title='bbox 593 2302 742 2359; x_wconf 81' lang='lat' dir='ltr'><strong>maritimis</strong></span> <span class='ocrx_word' id='word_1_199' title='bbox 754 2303 830 2359; x_wconf 83' lang='lat' dir='ltr'><strong>Asiae</strong></span> <span class='ocrx_word' id='word_1_200' title='bbox 851 2303 1035 2378; x_wconf 87' lang='lat' dir='ltr'><strong>reperiuntur.</strong></span> <span class='ocrx_word' id='word_1_201' title='bbox 1077 2303 1310 2361; x_wconf 85' lang='lat' dir='ltr'><strong>Lutlteranismus</strong></span> <span class='ocrx_word' id='word_1_202' title='bbox 1330 2304 1361 2363; x_wconf 91' lang='lat' dir='ltr'><strong>in</strong></span> 
     </span>
     <span class='ocr_line' id='line_1_24' title="bbox 185 2395 1360 2474; baseline 0.002 -19"><span class='ocrx_word' id='word_1_203' title='bbox 185 2395 281 2466; x_wconf 85' lang='lat' dir='ltr'><strong>Dania,</strong></span> <span class='ocrx_word' id='word_1_204' title='bbox 296 2409 326 2456; x_wconf 90' lang='lat' dir='ltr'><strong>et</strong></span> <span class='ocrx_word' id='word_1_205' title='bbox 346 2398 499 2474; x_wconf 88' lang='lat' dir='ltr'><strong>provinciis</strong></span> <span class='ocrx_word' id='word_1_206' title='bbox 522 2398 632 2465; x_wconf 88' lang='lat' dir='ltr'><strong>vicinis,</strong></span> <span class='ocrx_word' id='word_1_207' title='bbox 654 2399 683 2455; x_wconf 92' lang='lat' dir='ltr'><strong>in</strong></span> <span class='ocrx_word' id='word_1_208' title='bbox 703 2398 836 2464; x_wconf 77' lang='lat' dir='ltr'><strong>Somnia,</strong></span> <span class='ocrx_word' id='word_1_209' title='bbox 852 2406 881 2454; x_wconf 86' lang='lat' dir='ltr'><strong>el</strong></span> <span class='ocrx_word' id='word_1_210' title='bbox 900 2398 929 2455; x_wconf 91' lang='lat' dir='ltr'><strong>in</strong></span> <span class='ocrx_word' id='word_1_211' title='bbox 950 2399 1011 2455; x_wconf 87' lang='lat' dir='ltr'><strong>aliis</strong></span> <span class='ocrx_word' id='word_1_212' title='bbox 1033 2399 1177 2457; x_wconf 88' lang='lat' dir='ltr'><strong>nonnullis</strong></span> <span class='ocrx_word' id='word_1_213' title='bbox 1199 2398 1360 2457; x_wconf 71' lang='lat' dir='ltr'><strong>Germania</strong></span> 
     </span>
     <span class='ocr_line' id='line_1_25' title="bbox 184 2495 1362 2571; baseline 0 -18"><span class='ocrx_word' id='word_1_214' title='bbox 184 2496 305 2570; x_wconf 86' lang='lat' dir='ltr'><strong>partibus</strong></span> <span class='ocrx_word' id='word_1_215' title='bbox 321 2496 478 2571; x_wconf 83' lang='lat' dir='ltr'><strong>praesertim</strong></span> <span class='ocrx_word' id='word_1_216' title='bbox 490 2495 582 2571; x_wconf 81' lang='lat' dir='ltr'><strong>viget:</strong></span> <span class='ocrx_word' id='word_1_217' title='bbox 599 2495 712 2553; x_wconf 77' lang='lat' dir='ltr'><strong>Caluini</strong></span> <span class='ocrx_word' id='word_1_218' title='bbox 727 2497 866 2571; x_wconf 88' lang='lat' dir='ltr'><strong>principia</strong></span> <span class='ocrx_word' id='word_1_219' title='bbox 874 2496 904 2552; x_wconf 90' lang='lat' dir='ltr'><strong>in</strong></span> <span class='ocrx_word' id='word_1_220' title='bbox 918 2497 1023 2563; x_wconf 87' lang='lat' dir='ltr'><strong>Scotia,</strong></span> <span class='ocrx_word' id='word_1_221' title='bbox 1037 2497 1181 2562; x_wconf 75' lang='lat' dir='ltr'><strong>Romania,</strong></span> <span class='ocrx_word' id='word_1_222' title='bbox 1195 2497 1320 2570; x_wconf 75' lang='lat' dir='ltr'><strong>Batavis,</strong></span> <span class='ocrx_word' id='word_1_223' title='bbox 1332 2506 1362 2554; x_wconf 91' lang='lat' dir='ltr'><strong>et</strong></span> 
     </span>
     <span class='ocr_line' id='line_1_26' title="bbox 186 2591 1359 2668; baseline 0.003 -19"><span class='ocrx_word' id='word_1_224' title='bbox 186 2592 403 2668; x_wconf 74' lang='lat' dir='ltr'><strong>buglia&#39;potius</strong></span> <span class='ocrx_word' id='word_1_225' title='bbox 423 2591 558 2649; x_wconf 88' lang='lat' dir='ltr'><strong>obtinent.</strong></span> <span class='ocrx_word' id='word_1_226' title='bbox 613 2592 762 2668; x_wconf 78' lang='lat' dir='ltr'><strong>Anglicani</strong></span> <span class='ocrx_word' id='word_1_227' title='bbox 783 2601 876 2648; x_wconf 92' lang='lat' dir='ltr'><strong>tamen</strong></span> <span class='ocrx_word' id='word_1_228' title='bbox 901 2591 1071 2648; x_wconf 85' lang='lat' dir='ltr'><strong>Hierarchiae</strong></span> <span class='ocrx_word' id='word_1_229' title='bbox 1093 2603 1204 2650; x_wconf 86' lang='lat' dir='ltr'><strong>servant</strong></span> <span class='ocrx_word' id='word_1_230' title='bbox 1222 2594 1359 2659; x_wconf 87' lang='lat' dir='ltr'><strong>umbram,</strong></span> 
     </span>
     <span class='ocr_line' id='line_1_27' title="bbox 184 2680 1361 2766; baseline 0 -20"><span class='ocrx_word' id='word_1_231' title='bbox 184 2680 486 2765; x_wconf 58' lang='lat' dir='ltr'><strong>pluresqueritus&#39;sere</strong></span> <span class='ocrx_word' id='word_1_232' title='bbox 501 2689 684 2749; x_wconf 84' lang='lat' dir='ltr'><strong>Catholioos:</strong></span> <span class='ocrx_word' id='word_1_233' title='bbox 700 2690 758 2746; x_wconf 92' lang='lat' dir='ltr'><strong>imo</strong></span> <span class='ocrx_word' id='word_1_234' title='bbox 773 2689 852 2764; x_wconf 88' lang='lat' dir='ltr'><strong>plura</strong></span> <span class='ocrx_word' id='word_1_235' title='bbox 867 2699 1044 2765; x_wconf 83' lang='lat' dir='ltr'><strong>propugnant</strong></span> <span class='ocrx_word' id='word_1_236' title='bbox 1055 2689 1204 2764; x_wconf 86' lang='lat' dir='ltr'><strong>principia,</strong></span> <span class='ocrx_word' id='word_1_237' title='bbox 1220 2708 1282 2761; x_wconf 86' lang='lat' dir='ltr'><strong>quae</strong></span> <span class='ocrx_word' id='word_1_238' title='bbox 1297 2707 1361 2766; x_wconf 89' lang='lat' dir='ltr'><strong>spe·</strong></span> 
     </span>
     <span class='ocr_line' id='line_1_28' title="bbox 176 2783 1362 2863; baseline 0.003 -22"><span class='ocrx_word' id='word_1_239' title='bbox 176 2785 222 2842; x_wconf 81' lang='lat' dir='ltr'><strong>oie</strong></span> <span class='ocrx_word' id='word_1_240' title='bbox 236 2784 387 2844; x_wconf 70' lang='lat' dir='ltr'><strong>Catholicae</strong></span> <span class='ocrx_word' id='word_1_241' title='bbox 406 2800 481 2853; x_wconf 90' lang='lat' dir='ltr'><strong>sunt,</strong></span> <span class='ocrx_word' id='word_1_242' title='bbox 496 2785 539 2842; x_wconf 83' lang='lat' dir='ltr'><strong>vel</strong></span> <span class='ocrx_word' id='word_1_243' title='bbox 554 2804 658 2861; x_wconf 89' lang='lat' dir='ltr'><strong>pamm</strong></span> <span class='ocrx_word' id='word_1_244' title='bbox 679 2805 695 2841; x_wconf 93' lang='lat' dir='ltr'><strong>a</strong></span> <span class='ocrx_word' id='word_1_245' title='bbox 715 2783 872 2841; x_wconf 82' lang='lat' dir='ltr'><strong>Catholicis</strong></span> <span class='ocrx_word' id='word_1_246' title='bbox 892 2783 1000 2840; x_wconf 86' lang='lat' dir='ltr'><strong>dissita.</strong></span> <span class='ocrx_word' id='word_1_247' title='bbox 1042 2784 1181 2842; x_wconf 91' lang='lat' dir='ltr'><strong>Nonnulli</strong></span> <span class='ocrx_word' id='word_1_248' title='bbox 1194 2785 1224 2843; x_wconf 93' lang='lat' dir='ltr'><strong>in</strong></span> <span class='ocrx_word' id='word_1_249' title='bbox 1244 2785 1362 2863; x_wconf 83' lang='lat' dir='ltr'><strong>Europa</strong></span> 
     </span>
     <span class='ocr_line' id='line_1_29' title="bbox 183 2876 1361 2953; baseline 0.003 -14"><span class='ocrx_word' id='word_1_250' title='bbox 183 2893 329 2942; x_wconf 88' lang='lat' dir='ltr'><strong>numerant</strong></span> <span class='ocrx_word' id='word_1_251' title='bbox 341 2887 519 2953; x_wconf 80' lang='lat' dir='ltr'><strong>to,000,000</strong></span> <span class='ocrx_word' id='word_1_252' title='bbox 533 2902 569 2940; x_wconf 87' lang='lat' dir='ltr'><strong>ex</strong></span> <span class='ocrx_word' id='word_1_253' title='bbox 589 2883 673 2940; x_wconf 86' lang='lat' dir='ltr'><strong>variis</strong></span> <span class='ocrx_word' id='word_1_254' title='bbox 694 2882 912 2941; x_wconf 86' lang='lat' dir='ltr'><strong>Protestantium</strong></span> <span class='ocrx_word' id='word_1_255' title='bbox 930 2883 1025 2950; x_wconf 85' lang='lat' dir='ltr'><strong>sectis,</strong></span> <span class='ocrx_word' id='word_1_256' title='bbox 1044 2876 1218 2950; x_wconf 80' lang='lat' dir='ltr'><strong>11,5ob,000</strong></span> <span class='ocrx_word' id='word_1_257' title='bbox 1232 2884 1260 2941; x_wconf 94' lang='lat' dir='ltr'><strong>in</strong></span> <span class='ocrx_word' id='word_1_258' title='bbox 1275 2885 1361 2943; x_wconf 85' lang='lat' dir='ltr'><strong>Ama·</strong></span> 
     </span>
     <span class='ocr_line' id='line_1_30' title="bbox 178 2979 1361 3058; baseline 0.003 -21"><span class='ocrx_word' id='word_1_259' title='bbox 178 2979 255 3048; x_wconf 78' lang='lat' dir='ltr'><strong>rica3</strong></span> <span class='ocrx_word' id='word_1_260' title='bbox 277 2980 328 3039; x_wconf 87' lang='lat' dir='ltr'><strong>sed</strong></span> <span class='ocrx_word' id='word_1_261' title='bbox 342 2999 444 3039; x_wconf 84' lang='lat' dir='ltr'><strong>census</strong></span> <span class='ocrx_word' id='word_1_262' title='bbox 459 2982 543 3041; x_wconf 90' lang='lat' dir='ltr'><strong>nimis</strong></span> <span class='ocrx_word' id='word_1_263' title='bbox 564 2994 661 3037; x_wconf 91' lang='lat' dir='ltr'><strong>auctus</strong></span> <span class='ocrx_word' id='word_1_264' title='bbox 676 2980 794 3038; x_wconf 88' lang='lat' dir='ltr'><strong>videtur.</strong></span> <span class='ocrx_word' id='word_1_265' title='bbox 835 2979 869 3037; x_wconf 93' lang='lat' dir='ltr'><strong>In</strong></span> <span class='ocrx_word' id='word_1_266' title='bbox 883 2980 928 3036; x_wconf 90' lang='lat' dir='ltr'><strong>his</strong></span> <span class='ocrx_word' id='word_1_267' title='bbox 949 2979 1089 3041; x_wconf 85' lang='lat' dir='ltr'><strong>soederatis</strong></span> <span class='ocrx_word' id='word_1_268' title='bbox 1109 2982 1262 3058; x_wconf 89' lang='lat' dir='ltr'><strong>provinciis</strong></span> <span class='ocrx_word' id='word_1_269' title='bbox 1278 2983 1361 3040; x_wconf 88' lang='lat' dir='ltr'><strong>Pres-</strong></span> 
     </span>
     <span class='ocr_line' id='line_1_31' title="bbox 175 3076 1359 3155; baseline 0.001 -21"><span class='ocrx_word' id='word_1_270' title='bbox 175 3076 331 3153; x_wconf 83' lang='lat' dir='ltr'><strong>byteriaui,</strong></span> <span class='ocrx_word' id='word_1_271' title='bbox 353 3077 468 3135; x_wconf 77' lang='lat' dir='ltr'><strong>calvini·</strong></span> <span class='ocrx_word' id='word_1_272' title='bbox 488 3078 812 3154; x_wconf 81' lang='lat' dir='ltr'><strong>principiaplerumque</strong></span> <span class='ocrx_word' id='word_1_273' title='bbox 833 3090 1052 3155; x_wconf 83' lang='lat' dir='ltr'><strong>propugnantes,</strong></span> <span class='ocrx_word' id='word_1_274' title='bbox 1070 3098 1188 3138; x_wconf 85' lang='lat' dir='ltr'><strong>numero</strong></span> <span class='ocrx_word' id='word_1_275' title='bbox 1210 3091 1238 3137; x_wconf 92' lang='lat' dir='ltr'><strong>et</strong></span> <span class='ocrx_word' id='word_1_276' title='bbox 1259 3079 1359 3136; x_wconf 87' lang='lat' dir='ltr'><strong>studiis</strong></span> 
     </span>
     <span class='ocr_line' id='line_1_32' title="bbox 180 3173 1360 3250; baseline 0 -19"><span class='ocrx_word' id='word_1_277' title='bbox 180 3173 298 3250; x_wconf 91' lang='lat' dir='ltr'><strong>pollent,</strong></span> <span class='ocrx_word' id='word_1_278' title='bbox 312 3173 364 3231; x_wconf 89' lang='lat' dir='ltr'><strong>sed</strong></span> <span class='ocrx_word' id='word_1_279' title='bbox 384 3174 413 3231; x_wconf 93' lang='lat' dir='ltr'><strong>in</strong></span> <span class='ocrx_word' id='word_1_280' title='bbox 427 3175 561 3250; x_wconf 86' lang='lat' dir='ltr'><strong>plurimas</strong></span> <span class='ocrx_word' id='word_1_281' title='bbox 573 3185 665 3240; x_wconf 82' lang='lat' dir='ltr'><strong>sectas</strong></span> <span class='ocrx_word' id='word_1_282' title='bbox 686 3174 922 3247; x_wconf 82' lang='lat' dir='ltr'><strong>sub-dividuntur,</strong></span> <span class='ocrx_word' id='word_1_283' title='bbox 938 3175 1038 3232; x_wconf 88' lang='lat' dir='ltr'><strong>veteris</strong></span> <span class='ocrx_word' id='word_1_284' title='bbox 1060 3193 1170 3232; x_wconf 79' lang='lat' dir='ltr'><strong>anovae</strong></span> <span class='ocrx_word' id='word_1_285' title='bbox 1189 3174 1304 3241; x_wconf 87' lang='lat' dir='ltr'><strong>scholae,</strong></span> <span class='ocrx_word' id='word_1_286' title='bbox 1319 3175 1360 3231; x_wconf 84' lang='lat' dir='ltr'><strong>uti</strong></span> 
     </span>
     <span class='ocr_line' id='line_1_33' title="bbox 170 3270 1360 3347; baseline 0.001 -22"><span class='ocrx_word' id='word_1_287' title='bbox 170 3270 267 3336; x_wconf 72' lang='lat' dir='ltr'><strong>aiunt,</strong></span> <span class='ocrx_word' id='word_1_288' title='bbox 290 3271 663 3347; x_wconf 80' lang='lat' dir='ltr'><strong>sectatoribus‚,nuperrime</strong></span> <span class='ocrx_word' id='word_1_289' title='bbox 679 3288 761 3328; x_wconf 63' lang='lat' dir='ltr'><strong>&#39;novo</strong></span> <span class='ocrx_word' id='word_1_290' title='bbox 784 3271 902 3330; x_wconf 88' lang='lat' dir='ltr'><strong>dissidio</strong></span> <span class='ocrx_word' id='word_1_291' title='bbox 926 3271 1034 3328; x_wconf 89' lang='lat' dir='ltr'><strong>scissis.</strong></span> <span class='ocrx_word' id='word_1_292' title='bbox 1076 3271 1222 3346; x_wconf 85' lang='lat' dir='ltr'><strong>Baptistae,</strong></span> <span class='ocrx_word' id='word_1_293' title='bbox 1247 3270 1360 3327; x_wconf 88' lang='lat' dir='ltr'><strong>immer-</strong></span> 
     </span>
     <span class='ocr_line' id='line_1_34' title="bbox 165 3367 1359 3445; baseline 0 -20"><span class='ocrx_word' id='word_1_294' title='bbox 165 3368 269 3427; x_wconf 58' lang='lat' dir='ltr'><strong>sionis</strong></span> <span class='ocrx_word' id='word_1_295' title='bbox 283 3369 490 3436; x_wconf 86' lang='lat' dir='ltr'><strong>necessitatem,</strong></span> <span class='ocrx_word' id='word_1_296' title='bbox 504 3379 536 3425; x_wconf 93' lang='lat' dir='ltr'><strong>ut</strong></span> <span class='ocrx_word' id='word_1_297' title='bbox 549 3370 637 3426; x_wconf 90' lang='lat' dir='ltr'><strong>valeat</strong></span> <span class='ocrx_word' id='word_1_298' title='bbox 649 3369 814 3444; x_wconf 89' lang='lat' dir='ltr'><strong>baptismus,</strong></span> <span class='ocrx_word' id='word_1_299' title='bbox 826 3379 989 3435; x_wconf 87' lang='lat' dir='ltr'><strong>statuentes,</strong></span> <span class='ocrx_word' id='word_1_300' title='bbox 999 3368 1191 3432; x_wconf 86' lang='lat' dir='ltr'><strong>Methodistae,</strong></span> <span class='ocrx_word' id='word_1_301' title='bbox 1201 3367 1359 3445; x_wconf 89' lang='lat' dir='ltr'><strong>Episcopa-</strong></span> 
     </span>
     <span class='ocr_line' id='line_1_35' title="bbox 169 3461 1360 3543; baseline 0.003 -22"><span class='ocrx_word' id='word_1_302' title='bbox 169 3461 256 3532; x_wconf 90' lang='lat' dir='ltr'><strong>liani,</strong></span> <span class='ocrx_word' id='word_1_303' title='bbox 271 3465 375 3537; x_wconf 83' lang='lat' dir='ltr'><strong>aliique</strong></span> <span class='ocrx_word' id='word_1_304' title='bbox 391 3467 484 3523; x_wconf 90' lang='lat' dir='ltr'><strong>omnis</strong></span> <span class='ocrx_word' id='word_1_305' title='bbox 498 3468 609 3543; x_wconf 87' lang='lat' dir='ltr'><strong>generis</strong></span> <span class='ocrx_word' id='word_1_306' title='bbox 625 3484 741 3521; x_wconf 87' lang='lat' dir='ltr'><strong>numero</strong></span> <span class='ocrx_word' id='word_1_307' title='bbox 757 3464 829 3521; x_wconf 92' lang='lat' dir='ltr'><strong>haud</strong></span> <span class='ocrx_word' id='word_1_308' title='bbox 845 3484 931 3540; x_wconf 89' lang='lat' dir='ltr'><strong>parvo</strong></span> <span class='ocrx_word' id='word_1_309' title='bbox 951 3466 1136 3540; x_wconf 86' lang='lat' dir='ltr'><strong>reperiuntur.</strong></span> <span class='ocrx_word' id='word_1_310' title='bbox 1178 3464 1279 3521; x_wconf 89' lang='lat' dir='ltr'><strong>Exorti</strong></span> <span class='ocrx_word' id='word_1_311' title='bbox 1293 3476 1360 3524; x_wconf 92' lang='lat' dir='ltr'><strong>sunt</strong></span> 
     </span>
     <span class='ocr_line' id='line_1_36' title="bbox 173 3546 1359 3645; baseline 0.003 -27"><span class='ocrx_word' id='word_1_312' title='bbox 173 3546 243 3618; x_wconf 79' lang='lat' dir='ltr'><strong>ante</strong></span> <span class='ocrx_word' id='word_1_313' title='bbox 255 3579 363 3645; x_wconf 91' lang='lat' dir='ltr'><strong>paucos</strong></span> <span class='ocrx_word' id='word_1_314' title='bbox 384 3581 473 3620; x_wconf 88' lang='lat' dir='ltr'><strong>annos</strong></span> <span class='ocrx_word' id='word_1_315' title='bbox 494 3562 684 3629; x_wconf 83' lang='lat' dir='ltr'><strong>Mormonitae,</strong></span> <span class='ocrx_word' id='word_1_316' title='bbox 700 3579 783 3618; x_wconf 91' lang='lat' dir='ltr'><strong>aureo</strong></span> <span class='ocrx_word' id='word_1_317' title='bbox 803 3561 884 3627; x_wconf 90' lang='lat' dir='ltr'><strong>libro,</strong></span> <span class='ocrx_word' id='word_1_318' title='bbox 906 3560 1005 3619; x_wconf 87' lang='lat' dir='ltr'><strong>Bibliis</strong></span> <span class='ocrx_word' id='word_1_319' title='bbox 1027 3561 1221 3639; x_wconf 75' lang='lat' dir='ltr'><strong>praestantiori,</strong></span> <span class='ocrx_word' id='word_1_320' title='bbox 1242 3562 1282 3619; x_wconf 92' lang='lat' dir='ltr'><strong>uti</strong></span> <span class='ocrx_word' id='word_1_321' title='bbox 1303 3564 1359 3640; x_wconf 91' lang='lat' dir='ltr'><strong>ipsi</strong></span> 
     </span>
     <span class='ocr_line' id='line_1_37' title="bbox 172 3648 1357 3736; baseline 0.002 -20"><span class='ocrx_word' id='word_1_322' title='bbox 172 3659 362 3726; x_wconf 84' lang='lat' dir='ltr'><strong>contendunt,</strong></span> <span class='ocrx_word' id='word_1_323' title='bbox 381 3659 500 3729; x_wconf 86' lang='lat' dir='ltr'><strong>detecto,</strong></span> <span class='ocrx_word' id='word_1_324' title='bbox 516 3660 565 3731; x_wconf 88' lang='lat' dir='ltr'><strong>qui</strong></span> <span class='ocrx_word' id='word_1_325' title='bbox 581 3659 685 3736; x_wconf 82' lang='lat' dir='ltr'><strong>jamin</strong></span> <span class='ocrx_word' id='word_1_326' title='bbox 706 3648 851 3735; x_wconf 79' lang='lat' dir='ltr'><strong>provincia</strong></span> <span class='ocrx_word' id='word_1_327' title='bbox 872 3658 1071 3716; x_wconf 89' lang='lat' dir='ltr'><strong>Missouriensi</strong></span> <span class='ocrx_word' id='word_1_328' title='bbox 1092 3658 1176 3715; x_wconf 90' lang='lat' dir='ltr'><strong>armis</strong></span> <span class='ocrx_word' id='word_1_329' title='bbox 1191 3678 1222 3716; x_wconf 90' lang='lat' dir='ltr'><strong>se</strong></span> <span class='ocrx_word' id='word_1_330' title='bbox 1237 3669 1357 3718; x_wconf 84' lang='lat' dir='ltr'><strong>tuentur.</strong></span> 
     </span>
     <span class='ocr_line' id='line_1_38' title="bbox 175 3752 1358 3839; baseline 0.002 -26"><span class='ocrx_word' id='word_1_331' title='bbox 175 3752 243 3813; x_wconf 81' lang='lat' dir='ltr'><strong>Hac</strong></span> <span class='ocrx_word' id='word_1_332' title='bbox 258 3755 351 3813; x_wconf 83' lang='lat' dir='ltr'><strong>tabula</strong></span> <span class='ocrx_word' id='word_1_333' title='bbox 364 3757 491 3830; x_wconf 85' lang='lat' dir='ltr'><strong>inspecta</strong></span> <span class='ocrx_word' id='word_1_334' title='bbox 502 3757 725 3839; x_wconf 83' lang='lat' dir='ltr'><strong>quisquestatim</strong></span> <span class='ocrx_word' id='word_1_335' title='bbox 739 3755 1025 3832; x_wconf 87' lang='lat' dir='ltr'><strong>percipitEcclesiam</strong></span> <span class='ocrx_word' id='word_1_336' title='bbox 1039 3755 1215 3813; x_wconf 73' lang='lat' dir='ltr'><strong>Gatlmlica‘nr</strong></span> <span class='ocrx_word' id='word_1_337' title='bbox 1227 3758 1358 3817; x_wconf 89' lang='lat' dir='ltr'><strong>omnibus</strong></span> 
     </span>
     <span class='ocr_line' id='line_1_39' title="bbox 177 3852 1359 3931; baseline 0.002 -21"><span class='ocrx_word' id='word_1_338' title='bbox 177 3853 315 3920; x_wconf 86' lang='lat' dir='ltr'><strong>eminere,</strong></span> <span class='ocrx_word' id='word_1_339' title='bbox 331 3872 415 3924; x_wconf 90' lang='lat' dir='ltr'><strong>quam</strong></span> <span class='ocrx_word' id='word_1_340' title='bbox 428 3853 509 3910; x_wconf 90' lang='lat' dir='ltr'><strong>etiam</strong></span> <span class='ocrx_word' id='word_1_341' title='bbox 525 3853 628 3911; x_wconf 89' lang='lat' dir='ltr'><strong>divinis</strong></span> <span class='ocrx_word' id='word_1_342' title='bbox 641 3853 746 3930; x_wconf 83' lang='lat' dir='ltr'><strong>fulgere</strong></span> <span class='ocrx_word' id='word_1_343' title='bbox 758 3853 871 3911; x_wconf 89' lang='lat' dir='ltr'><strong>indiciis</strong></span> <span class='ocrx_word' id='word_1_344' title='bbox 884 3853 1022 3929; x_wconf 91' lang='lat' dir='ltr'><strong>intelligit,</strong></span> <span class='ocrx_word' id='word_1_345' title='bbox 1035 3871 1121 3926; x_wconf 90' lang='lat' dir='ltr'><strong>quum</strong></span> <span class='ocrx_word' id='word_1_346' title='bbox 1136 3852 1164 3911; x_wconf 94' lang='lat' dir='ltr'><strong>in</strong></span> <span class='ocrx_word' id='word_1_347' title='bbox 1180 3854 1234 3910; x_wconf 81' lang='lat' dir='ltr'><strong>fids</strong></span> <span class='ocrx_word' id='word_1_348' title='bbox 1246 3873 1359 3931; x_wconf 87' lang='lat' dir='ltr'><strong>semper</strong></span> 
     </span>
     <span class='ocr_line' id='line_1_40' title="bbox 176 3951 1359 4031; baseline 0.003 -25"><span class='ocrx_word' id='word_1_349' title='bbox 176 3961 207 4007; x_wconf 84' lang='lat' dir='ltr'><strong>st</strong></span> <span class='ocrx_word' id='word_1_350' title='bbox 219 3951 325 4023; x_wconf 91' lang='lat' dir='ltr'><strong>ubique</strong></span> <span class='ocrx_word' id='word_1_351' title='bbox 339 3951 393 4031; x_wconf 68' lang='lat' dir='ltr'><strong>sibi</strong></span> <span class='ocrx_word' id='word_1_352' title='bbox 407 3964 537 4008; x_wconf 86' lang='lat' dir='ltr'><strong>constans</strong></span> <span class='ocrx_word' id='word_1_353' title='bbox 547 3971 660 4009; x_wconf 90' lang='lat' dir='ltr'><strong>omnem</strong></span> <span class='ocrx_word' id='word_1_354' title='bbox 675 3953 851 4010; x_wconf 90' lang='lat' dir='ltr'><strong>inimicorum</strong></span> <span class='ocrx_word' id='word_1_355' title='bbox 867 3963 980 4027; x_wconf 87' lang='lat' dir='ltr'><strong>superet</strong></span> <span class='ocrx_word' id='word_1_356' title='bbox 991 3952 1137 4026; x_wconf 91' lang='lat' dir='ltr'><strong>impetum.</strong></span> <span class='ocrx_word' id='word_1_357' title='bbox 1170 3951 1214 4009; x_wconf 91' lang='lat' dir='ltr'><strong>De</strong></span> <span class='ocrx_word' id='word_1_358' title='bbox 1227 3971 1260 4010; x_wconf 90' lang='lat' dir='ltr'><strong>ea</strong></span> <span class='ocrx_word' id='word_1_359' title='bbox 1274 3953 1359 4029; x_wconf 87' lang='lat' dir='ltr'><strong>igitur</strong></span> 
     </span>
    </p>

    <p class='ocr_par' dir='ltr' id='par_1_5' title="bbox 133 4044 1357 4319">
     <span class='ocr_line' id='line_1_41' title="bbox 179 4044 1356 4124; baseline 0.003 -22"><span class='ocrx_word' id='word_1_360' title='bbox 179 4063 243 4105; x_wconf 85' lang='lat' dir='ltr'><strong>cum</strong></span> <span class='ocrx_word' id='word_1_361' title='bbox 257 4049 418 4124; x_wconf 79' lang='lat' dir='ltr'><strong>Augustino</strong></span> <span class='ocrx_word' id='word_1_362' title='bbox 440 4044 576 4107; x_wconf 83' lang='lat' dir='ltr'><strong>dicimus:</strong></span> <span class='ocrx_word' id='word_1_363' title='bbox 603 4048 760 4106; x_wconf 87' lang='lat' dir='ltr'><strong>“Ecclesia</strong></span> <span class='ocrx_word' id='word_1_364' title='bbox 781 4059 885 4114; x_wconf 86' lang='lat' dir='ltr'><strong>sancta,</strong></span> <span class='ocrx_word' id='word_1_365' title='bbox 902 4048 1031 4105; x_wconf 87' lang='lat' dir='ltr'><strong>Ecclesia</strong></span> <span class='ocrx_word' id='word_1_366' title='bbox 1051 4066 1115 4113; x_wconf 81' lang='lat' dir='ltr'><strong>rina,</strong></span> <span class='ocrx_word' id='word_1_367' title='bbox 1131 4048 1262 4106; x_wconf 87' lang='lat' dir='ltr'><strong>Ecclesia</strong></span> <span class='ocrx_word' id='word_1_368' title='bbox 1281 4067 1356 4116; x_wconf 85' lang='lat' dir='ltr'><strong>vera,</strong></span> 
     </span>
     <span class='ocr_line' id='line_1_42' title="bbox 133 4126 1357 4222; baseline -0.001 -21"><span class='ocrx_word' id='word_1_369' title='bbox 133 4126 140 4179; x_wconf 64' lang='lat'><strong>¹·</strong></span> <span class='ocrx_word' id='word_1_370' title='bbox 183 4139 311 4201; x_wconf 81' lang='lat' dir='ltr'><strong>Ecclesia</strong></span> <span class='ocrx_word' id='word_1_371' title='bbox 330 4143 487 4211; x_wconf 78' lang='lat' dir='ltr'><strong>catholica,</strong></span> <span class='ocrx_word' id='word_1_372' title='bbox 502 4155 598 4207; x_wconf 87' lang='lat' dir='ltr'><strong>contra</strong></span> <span class='ocrx_word' id='word_1_373' title='bbox 617 4163 715 4203; x_wconf 91' lang='lat' dir='ltr'><strong>omnes</strong></span> <span class='ocrx_word' id='word_1_374' title='bbox 727 4132 857 4202; x_wconf 82' lang='lat' dir='ltr'><strong>¹haereses</strong></span> <span class='ocrx_word' id='word_1_375' title='bbox 879 4162 1025 4220; x_wconf 87' lang='lat' dir='ltr'><strong>pugnans:</strong></span> <span class='ocrx_word' id='word_1_376' title='bbox 1049 4162 1172 4222; x_wconf 88' lang='lat' dir='ltr'><strong>pugnare</strong></span> <span class='ocrx_word' id='word_1_377' title='bbox 1193 4155 1294 4221; x_wconf 91' lang='lat' dir='ltr'><strong>potest,</strong></span> <span class='ocrx_word' id='word_1_378' title='bbox 1309 4163 1357 4201; x_wconf 86' lang='lat' dir='ltr'><strong>ex·</strong></span> 
     </span>
     <span class='ocr_line' id='line_1_43' title="bbox 183 4227 1357 4319; baseline -0.002 -21"><span class='ocrx_word' id='word_1_379' title='bbox 183 4241 296 4319; x_wconf 83' lang='lat' dir='ltr'><strong>pugnari</strong></span> <span class='ocrx_word' id='word_1_380' title='bbox 311 4227 404 4298; x_wconf 85' lang='lat' dir='ltr'><strong>tamen</strong></span> <span class='ocrx_word' id='word_1_381' title='bbox 418 4261 475 4299; x_wconf 93' lang='lat' dir='ltr'><strong>nou</strong></span> <span class='ocrx_word' id='word_1_382' title='bbox 489 4252 590 4318; x_wconf 84' lang='lat' dir='ltr'><strong>potest.</strong></span> <span class='ocrx_word' id='word_1_383' title='bbox 633 4241 767 4300; x_wconf 84' lang='lat' dir='ltr'><strong>Haereses</strong></span> <span class='ocrx_word' id='word_1_384' title='bbox 778 4260 877 4299; x_wconf 91' lang='lat' dir='ltr'><strong>omnes</strong></span> <span class='ocrx_word' id='word_1_385' title='bbox 889 4240 923 4301; x_wconf 90' lang='lat' dir='ltr'><strong>de</strong></span> <span class='ocrx_word' id='word_1_386' title='bbox 935 4241 983 4298; x_wconf 91' lang='lat' dir='ltr'><strong>illa</strong></span> <span class='ocrx_word' id='word_1_387' title='bbox 994 4241 1132 4311; x_wconf 84' lang='lat' dir='ltr'><strong>exierunt,</strong></span> <span class='ocrx_word' id='word_1_388' title='bbox 1145 4256 1286 4316; x_wconf 88' lang='lat' dir='ltr'><strong>tamquam</strong></span> <span class='ocrx_word' id='word_1_389' title='bbox 1300 4259 1357 4297; x_wconf 92' lang='lat' dir='ltr'><strong>sar·</strong></span> 
     </span>
    </p>
   </div>
   <div class='ocr_carea' id='block_1_3' title="bbox 211 4417 796 4568">
    <p class='ocr_par' dir='ltr' id='par_1_6' title="bbox 211 4417 796 4568">
     <span class='ocr_line' id='line_1_44' title="bbox 211 4417 472 4484; baseline 0.008 -18"><span class='ocrx_word' id='word_1_390' title='bbox 211 4418 246 4479; x_wconf 80' lang='lat' dir='ltr'><strong>(l)</strong></span> <span class='ocrx_word' id='word_1_391' title='bbox 262 4417 352 4484; x_wconf 84' lang='lat' dir='ltr'><strong>Vulgo,</strong></span> <span class='ocrx_word' id='word_1_392' title='bbox 365 4417 472 4483; x_wconf 77' lang='lat' dir='ltr'><strong>Algiers.</strong></span> 
     </span>
     <span class='ocr_line' id='line_1_45' title="bbox 212 4500 796 4568; baseline 0.002 -19"><span class='ocrx_word' id='word_1_393' title='bbox 212 4500 253 4568; x_wconf 77' lang='lat' dir='ltr'><strong>(l)¹</strong></span> <span class='ocrx_word' id='word_1_394' title='bbox 263 4507 278 4530; x_wconf 86' lang='lat'>“</span> <span class='ocrx_word' id='word_1_395' title='bbox 288 4501 392 4550; x_wconf 83' lang='lat' dir='ltr'><strong>Adsm’s</strong></span> <span class='ocrx_word' id='word_1_396' title='bbox 403 4501 529 4568; x_wconf 86' lang='lat' dir='ltr'><strong>Religious</strong></span> <span class='ocrx_word' id='word_1_397' title='bbox 542 4501 627 4557; x_wconf 84' lang='lat' dir='ltr'><strong>World</strong></span> <span class='ocrx_word' id='word_1_398' title='bbox 640 4501 796 4566; x_wconf 83' lang='lat' dir='ltr'><strong>Displayed.&#39;&#39;</strong></span> 
     </span>
    </p>
   </div>
   <div class='ocr_carea' id='block_1_4' title="bbox 0 0 1374 5032">
    <p class='ocr_par' dir='ltr' id='par_1_7' title="bbox 0 0 1374 5032">
     <span class='ocr_line' id='line_1_46' title="bbox 0 0 1374 5032; baseline 0 0"><span class='ocrx_word' id='word_1_399' title='bbox 0 0 1374 5032; x_wconf 95' lang='lat' dir='ltr'><strong> </strong></span> 
     </span>
    </p>
   </div>
  </div>
 </body>
</html>
