2738 5032
302 116 367 178 -ιιιι
387 114 747 183 mosronrorrars
767 98 996 177 soonasrm.
1183 118 1243 177 sav

57 275 204 345 cessione,
220 276 400 336 Methodistre
415 277 520 361 quippe
534 294 551 334 a
563 276 674 335 Joanne
689 275 822 352 Wesley,
837 285 920 333 sectis
931 272 1097 355 Anglicsunt
1107 276 1238 335 ministro

59 371 213 445 oaeterique
227 374 337 430 sectarii
351 374 385 430 ab
400 372 462 430 aliis
477 371 622 440 ministris,
637 372 731 430 vel-ab
744 371 905 432 hominibus
920 370 1001 450 plane
1014 372 1104 438 laicis,
1119 380 1186 448 post
1198 380 1240 429 tot

62 468 232 527 saeculorum
246 470 280 527 ab
298 470 443 547 Apostolis
467 470 643 527 intervallum
665 480 731 527 sunt
749 473 812 527 orti.
853 465 1026 528 doricorum
1040 470 1161 527 societas
1176 467 1240 545 (tlte

58 563 169 642 meiety
183 562 219 643 ⁰s
226 563 352 623 Iliensis
353 564 379 639 ),
388 564 439 638 qui
449 575 477 623 et
494 563 622 635 Quateri
634 565 718 642 vulgo
730 565 869 632 dicuntur,
882 582 965 623 omns
980 565 1167 623 ministerium
1178 582 1237 622 res·

59 659 132 737 pult,
148 661 312 734 unicuique,
327 671 410 738 prout
423 661 545 738 Spiritus
566 680 632 720 eum
652 661 805 738 impulerit,
817 662 881 738 jure
902 660 1032 728 docendi,
1053 660 1239 734 hortandique

60 754 173 825 tributo,
188 758 378 816 successionis
390 757 687 834 Apostolicoenullam·
696 758 803 816 habens
816 756 1002 815 ιιιιιιιιιιιιιι.”1

98 850 146 909 De
160 852 292 913 omnibus
312 854 438 911 sectariis
451 855 545 927 -quaeri
566 863 658 930 potest
677 854 769 911 verbis
790 853 930 930 preclaris
951 851 1092 930 Cypriani
1113 859 1239 928 “pastor

59 947 162 1008 heberi
175 950 318 1023 quomodo
332 960 434 1029 potest,
449 953 508 1025 qui,
522 960 654 1011 manente
667 970 735 1010 vero
749 961 871 1028 pastore,
885 960 914 1009 et
927 950 956 1008 in
971 950 1103 1008 Ecclesia
1123 948 1178 1007 Dei
1193 968 1237 1009 or·

60 1043 204 1104 diustione
218 1047 392 1113 succedanea
405 1047 582 1125 presidente,
596 1049 703 1106 nemini
717 1046 882 1131 succedens,
896 1058 924 1119 et
937 1068 954 1105 a
966 1048 1064 1124 seipso
1085 1047 1235 1123 incipiens,

60 1142 169 1201 slienus
184 1143 256 1207 litet
273 1145 447 1222 prophanus,
458 1143 607 1205 dominice
626 1146 704 1229 pacis
718 1156 751 1205 ae
768 1144 872 1207 divinas
890 1145 1004 1203 unitatis
1020 1144 1164 1212 inimicus,
1180 1160 1237 1201 non

60 1238 189 1299 habitans
203 1242 234 1299 in
247 1241 343 1300 Domo
357 1242 423 1310 Dei,
438 1242 467 1301 id
485 1252 539 1309 est,
554 1244 585 1301 in
604 1230 737 1315 Ecclesia
750 1243 816 1312 Del,
837 1244 866 1301 ιιι
881 1246 936 1317 oua
948 1242 1063 1301 nonnisi
1078 1240 1237 1299 concordes

60 1345 143 1409 atque
162 1338 310 1396 unanimes
320 1386 323 1392 .
333 1338 466 1407 habitant,
480 1336 613 1412 loquente
627 1340 657 1396 ιιι
677 1338 799 1397 Psalmis
814 1339 920 1416 Spiritu
942 1340 1047 1401 Sancto
1060 1349 1089 1396 et
1101 1337 1233 1397 disemo:

60 1429 139 1490 Deus
153 1434 203 1506 qui
216 1434 370 1493 inhabitare
384 1435 451 1493 lacit
464 1437 613 1494 unanimes
628 1435 658 1493 in
672 1433 808 1493 domol'’¹
1113 1456 1117 1463 ·
1230 1508 1233 1513 Ι

100 1527 168 1608 ooj.
189 1531 338 1611 Anglioani
347 1532 462 1592 saltem
466 1532 570 1592 habent
579 1550 793 1592 successionem
813 1532 1025 1609 Apostolicam,
1031 1551 1096 1591 nam
1116 1531 1152 1590 de'
1167 1551 1234 1591 ron·

61 1628 214 1687 moratione
228 1630 346 1691 Parlssri
359 1631 443 1721 plane
457 1641 577 1731 ςοιιιιιι,Ι
592 1631 663 1691 adeo
676 1631 728 1690 ut'
720 1649 782 1709 rpse
796 1631 915 1723 scriptor
929 1629 1094 1691 catholicus
1112 1628 1235 1708 Lingsrd

61 1723 226 1786 documenta
238 1730 360 1806 genuina
373 1716 498 1790 feteantr.
603 1790 607 1801 ,
689 1742 692 1751 “

94 1819 184 1903 Hesp.
205 1823 336 1885 Celebris
356 1824 404 1885 ille
423 1827 543 1904 scriptor
561 1827 597 1886 de
616 1810 835 1895 consecrationis
861 1824 972 1884 valore
981 1824 1086 1882 nullam
1117 1825 1234 1902 protulit

54 1922 237 1989 senmntiam,
251 1906 398 1995 historiam
411 1926 516 2002 quippe
530 1944 623 1991 rerum
639 1932 779 2003 gestarum
793 1926 916 2003 scripsit,
932 1924 1001 1998 quin
1019 1922 1163 2000 'theologi
1176 1923 1235 1982 vel·

48 2014 102 2076 let·
115 2018 257 2075 sustinere
282 2027 385 2095 partes.
427 2018 500 2097 Ejus
522 2019 558 2078 de
580 2020 704 2081 actorum
726 2022 868 2080 authentia
889 2021 988 2101 opinio
1006 2039 1140 2097 magnum
1158 2029 1232 2078 certe

47 2113 170 2191 ltondus
184 2111 286 2172 habere
299 2113 391 2184 debet,
405 2110 460 2174 nec
472 2122 566 2175 umen
579 2122 699 2197 examen
712 2118 833 2175 ulterius·
842 2117 1000 2194 pmhibere,
1012 2134 1099 2190 quum
1113 2117 1235 2193 sagacis·

50 2211 122 2271 simi
146 2213 231 2270 etiam
254 2213 404 2290 scriptores
428 2220 651 2289 nonnumquam·
666 2215 806 2297 fallantur
846 2214 880 2275 Id
901 2224 976 2273 certe
1001 2215 1102 2272 mimm
1126 2214 1236 2273 videtur
1307 2220 1311 2229 “

50 2303 277 2368 Ῥιοιιιιιιιιιοοι
298 2310 455 2388 Scriptores
472 2326 617 2371 'coenosa
631 2311 787 2372 Catholicis
800 2312 973 2391 negantibus
994 2314 1234 2372 consecrationem

51 2416 233 2481 provocatos,
249 2417 311 2467 ante
324 2404 413 2469 annos
424 2430 440 2468 a
451 2402 505 2470 ritu
518 2409 632 2488 peracto
642 2411 843 2490 quinquaginta
854 2422 914 2470 eota
924 2412 974 2470 illa
984 2411 1060 2470 haud
1072 2413 1234 2488 pmtulisse.
1320 2468 1323 2473 .

56 2500 156 2581 ]psuui
166 2504 288 2566 edictum
299 2504 450 2567 Elisabeth
460 2528 516 2583 quo
525 2506 679 2569 defectibus
691 2513 823 2570 omnibus
833 2522 862 2569 et
869 2510 1086 2568 dubitationibus
1095 2511 1131 2567 de
1139 2512 1233 2568 valore

58 2605 265 2679 consulebatur,
280 2606 477 2701 vehementem
491 2608 599 2667 inducit
612 2610 805 2705 suspicionem
820 2626 880 2713 rem
898 2625 949 2684 per
960 2626 993 2665 se
1008 2607 1096 2664 luisse
1111 2609 1235 2664 maxime

59 2698 180 2762 dubiam.
250 2712 253 2717 '
301 2714 304 2719 '

94 2797 165 2879 obj.
179 2806 209 2859 2.
231 2800 292 2860 Ubi
303 2800 338 2859 de
352 2800 466 2860 veritate
481 2801 630 2879 Evangelii
639 2801 738 2878 agitur,
748 2818 816 2859 non
822 2801 938 2858 interest
948 2809 1042 2858 utrum
1051 2801 1115 2873 quls
1129 2801 1234 2865 seriem

59 2897 132 2959 illam
147 2911 291 2978 pastorum
301 2900 448 2960 ostendere
459 2901 560 2979 possit,
573 2916 638 2958 nam
650 2907 746 2997 eontra
756 2896 984 2979 Evangelrum
954 2916 1012 2958 non
1026 2909 1120 2977 potest
1130 2901 1233 2970 valere,
1274 2942 1277 2953 .

59 2994 244 3091 Evangelium
259 3017 326 3061 vero
339 3000 445 3073 absque
457 3018 490 3057 ea
503 2996 590 3058 v'alet
651 3030 654 3037 ·

94 3093 183 3173 Resp.
199 3086 345 3157 Maxime.¹
336 3106 452 3155 interest
459 3106 494 3155 ut
501 3093 671 3174 praedicandi
682 3067 831 3174 Evangelii
840 3100 1005 3172 potestatem·
1015 3093 1079 3170 quis
1090 3095 1145 3152 sibi
1156 3112 1235 3151 com-

58 3199 152 3266 petere
173 3192 310 3261 ostendo,
325 3211 407 3251 secus
430 3182 507 3271 euim
524 3190 559 3250 de
573 3192 687 3252 veritate
695 3190 913 3267 predicationis
934 3190 1034 3248 merito
1051 3188 1230 3255 dubitabitur,

43 3274 189 3395 ’(Ξιιιιιιιιιι
203 3289 280 3349 euim
293 3308 351 3348 uon
361 3266 502 3358 omnibus,
517 3287 569 3346 sed
581 3278 728 3364 apostolis
738 3286 924 3353 demandavit,
937 3296 967 3344 ut
982 3283 1172 3366 Evangelium
1184 3302 1233 3341 an·

42 3548 54 3617 ,'
85 3554 123 3618 (l)
138 3561 154 3586 “
163 3555 245 3611 wrm
256 3555 314 3621 they
324 3555 443 3607 assemble
454 3545 733 3622 togethortownitupbn
741 3552 803 3612 God,
812 3553 860 3603 and
871 3557 897 3602 to
907 3550 1014 3615 worship
1024 3549 1071 3601 end
1081 3549 1154 3613 adore
1165 3550 1234 3611 hiru;

53 3638 112 3693 theu
121 3639 184 3723 ¹suoh
194 3656 222 3689 as
233 3641 274 3695 the
284 3641 361 3705 Spirit
375 3648 425 3690 sets
436 3642 507 3705 spirit
522 3639 559 3691 sor
572 3639 617 3689 the
631 3625 756 3705 thanim
766 3638 799 3701 by
810 3637 842 3686 its
853 3635 934 3685 divine
950 3632 1032 3698 power
1043 3634 1091 3683 and
1108 3632 1233 3697 influenoe'

52 3724 160 3793 opening
171 3728 233 3778 their
244 3714 349 3783 mouths,
361 3724 443 3773 and'
419 3723 505 3789 giving
515 3722 582 3789 thern
592 3728 618 3772 to
628 3721 721 3785 exhort,
731 3735 837 3784 reprove,
848 3718 896 3768 aud
908 3718 1012 3766 instruct
1022 3710 1082 3785 with
1093 3714 1173 3773 virtue'
1182 3716 1233 3766 and

44 3824 146 3895 μοι,
155 3814 223 3863 these
234 3829 276 3863 are
287 3812 344 3861 thus
354 3808 470 3859 ordeihed
480 3806 510 3858 of
520 3782 583 3866 God,
593 3804 641 3855 sn'd
662 3805 778 3862 admitted
789 3804 841 3863 into
852 3803 896 3852 tlte
908 3800 1034 3866 maistins,
1043 3776 1094 3849 and
1104 3800 1168 3850 their
1178 3802 1231 3851 bre·
1254 3804 1256 3809 '

34 3898 124 3969 ὴ·
137 3904 230 3951 annot
244 3892 289 3949 bnt
303 3896 363 3944 hear
378 3892 453 3952 ιιιιιιι,
463 3891 556 3941 receive
572 3891 647 3965 them,
657 3890 706 3940 und
720 3886 773 3940 niso
783 3886 855 3938 boam
865 3886 928 3937 tlterrt'
941 3883 1156 3953 forthet'rmorlr's
1161 3867 1231 3935 sake.

12 3962 172 4123 §eb—
160 3981 228 4035 this
220 3998 242 4030 rs
256 3986 300 4030 not
309 3975 472 4043 monopolizsd
482 3977 515 4040 by
526 3993 541 4025 n
552 3974 645 4024 certain
661 3974 721 4023 kind
737 3972 768 4022 of
778 3988 844 4031 men,
860 3987 887 4020 ns
898 3970 939 4019 the
958 3967 1056 4034 carga,
1067 3969 1133 4029 (who
1150 3982 1192 4018 ere
1202 3975 1230 4018 to

110 4072 220 4137 Μαι
230 4064 335 4129 brought
341 4079 374 4126 up
368 4060 429 4111 end
435 4060 587 4110 ιιιιιιιιιιιιιιιι
597 4059 666 4110 other
673 4058 757 4117 carnal
764 4057 876 4118 Arnum),
883 4054 929 4104 and
939 4053 980 4117 the
987 4061 1036 4102 rest
1043 4052 1069 4103 t'o
1079 4054 1108 4102 be
1116 4053 1228 4118 despissd

39 4168 79 4215 ,Ι
93 4150 173 4210 istm
190 4152 233 4201 but
249 4150 268 4198 it
284 4149 305 4197 is
321 4144 364 4197 lest
379 4153 405 4196 to
421 4145 462 4195 tlte
478 4143 533 4207 free
548 4143 600 4207 gift
614 4143 642 4207 of
662 4141 715 4199 God
731 4147 756 4193 ιο
772 4136 859 4189 οιιόοιιιι
875 4155 923 4201 any
936 4137 1028 4191 whom
1033 4136 1064 4186 he
1079 4138 1147 4191 ssetli
1163 4144 1229 4186 meet

34 4237 187 4296 ιιιθιοιιιι,ιο
197 4234 305 4286 whether
316 4232 370 4283 ri'oh
380 4245 407 4280 or
412 4239 482 4293 poor
492 4228 596 4277 Servant
606 4244 633 4277 or
645 4228 747 4284 Mastor,
757 4239 876 4289 younger
887 4223 934 4282 old,
944 4224 1069 4289 gemmule
1078 4239 1105 4274 er
1116 4222 1228 4275 female.”

46 4319 157 4384 Bueuy
169 4317 289 4382 A'pology,
300 4315 371 4378 Prop.
388 4312 434 4375 ιιι
445 4311 508 4360 xxti.
556 4384 559 4391 Ι

80 4408 120 4473 (2)
137 4406 163 4459 S.
173 4406 248 4470 Cypr.
258 4420 295 4468 ep.
307 4401 337 4450 76
346 4400 376 4450 sd
388 4397 517 4463 Magnum.

146 4585 150 4593 ι
168 4509 242 4567 Vos.
257 4506 358 4564 l.-3l
