2738 5032
466 246 522 311 DE
544 242 662 311 MODO
683 244 884 309 nocuum,
1204 234 1274 306 Μ·

120 398 214 488 Rap.
235 408 303 474 Non
318 422 414 469 nostro
433 409 548 486 ingenio
567 408 663 468 divina
682 404 801 466 consilia
814 417 880 465 sunt
900 402 1050 465 metienda·
1091 402 1136 464 De
1152 400 1262 463 Christi

78 506 226 565 uoluntate
239 515 271 565 ut
284 507 388 583 scripto
401 507 632 583 'consignarentur
645 505 774 577 veritates
788 502 977 581 Euangeliou,
988 522 1025 561 ne
1036 503 1185 561 minimum
1200 501 1264 574 qui·

81 596 301 661 demindicium
314 603 345 662 in
359 603 511 680 Scripturis
521 586 675 679 praebetur.
715 601 742 660 E
758 594 854 659 contra
868 601 983 673 Novum
1002 600 1216 657 'Testamentum
1231 600 1279 658 in.

83 719 120 759 cc
133 699 257 757 aVeteri
270 698 460 775 distinguitur,
475 699 552 773 quod
565 700 643 771 cordi
657 700 689 757 et'
698 699 796 779 menti,
811 686 1002 773 potiusquam
1015 696 1154 763 chartam
1165 696 1263 754 ιιιιιιιο

82 796 193 873 Spiritu
205 797 387 855 inscribatur:
411 806 432 835 “
444 797 509 855 Ηοο
523 809 616 855 autem
629 806 837 862 testamentum,
852 793 929 867 quod
937 793 1060 851 testabor
1070 793 1105 850 sd
1119 793 1188 851 lllos·
1197 806 1265 870 post

83 894 144 953 diss
158 895 233 963 illos,
247 892 317 953 dicit
330 895 489 953 Dominus:
512 894 593 954 Dabo
607 896 685 973 leges
699 913 777 973 meas
791 895 821 952 in
835 893 966 951 cordibus
979 910 1088 959 eorum,
1100 893 1169 950 etin
1182 888 1263 951 hren·

82 994 158 1053 tibus
170 976 270 1051 eornm
284 995 489 1070 superscribam
503 994 599 1055 eas.’'²
636 993 735 1052 Exeo
757 991 832 1067 quod
852 993 933 1069 plura
953 992 1058 1050 suerint
1076 993 1182 1068 scripto
1195 1008 1264 1051 con·

84 1090 202 1168 dgnata,
216 1086 374 1158 ids'ummia
396 1091 451 1149 Dei
465 1091 584 1149 consilio
602 1091 757 1167 contigisse
778 1091 880 1148 merito
899 1089 1035 1157 inseruire
1056 1088 1107 1147 sed
1125 1106 1184 1147 ιιοιι
1196 1089 1264 1148 ideo

84 1188 158 1247 ratio
167 1170 340 1264 propagandi
353 1198 383 1249 et
394 1186 598 1247 transmittendi
609 1187 762 1249 doctrinam
776 1187 885 1246 Christi
895 1198 940 1245 eat
950 1187 1114 1254 immutatur
1128 1198 1193 1251 nam
1203 1187 1265 1245 nab

85 1281 143 1344 lum
167 1301 204 1340 ex
218 1283 274 1341 illis
288 1285 402 1360 scriptis
415 1296 480 1343 eum
495 1284 524 1341 in
543 1283 629 1342 finem
648 1284 776 1342 noscitur
792 1292 946 1350 exaratum,
961 1292 993 1340 ut
1009 1281 1217 1360 predicationis
1237 1290 1269 1338 st

85 1364 268 1439 institutionis
279 1380 437 1456 Apostolici
449 1381 597 1441 ministerii
608 1381 745 1439 obtineret
755 1380 860 1448 locum,
869 1381 914 1438 vel
926 1379 1046 1441 auferret
1056 1378 1264 1437 necessitatem.

86 1477 117 1535 Si
130 1475 243 1535 Christi
257 1477 386 1535 voluntas
400 1474 453 1534 hac
463 1492 504 1535 ex
524 1487 601 1552 parte
616 1476 761 1552 Apostoli·
776 1476 954 1544 innotuisset,
969 1476 1096 1552 profecto
1113 1475 1159 1535 vel
1179 1491 1265 1542 unus,

86 1574 130 1635 vel
141 1584 243 1632 omnes
258 1570 343 1631 simul
362 1574 465 1632 librum
479 1573 788 1650 composuissent-quo
801 1573 995 1648 profiterentur
1006 1583 1094 1639 totam
1108 1571 1264 1631 doctrinam

86 1669 204 1745 radere,
218 1678 247 1729 ct
270 1687 334 1727 eam
355 1658 552 1727 eihibuissent
570 1679 713 1743 tamquam
734 1686 872 1736 normam,
891 1666 957 1741 orio
978 1686 1029 1749 per
1047 1670 1144 1728 omnia
1161 1669 1267 1728 secula

87 1766 157 1825 iuret
168 1765 307 1824 habenda
349 1766 432 1825 Nihil
447 1764 610 1843 hujusmodi
624 1767 759 1833 innuitur,
773 1765 823 1823 sed
838 1784 875 1823 ex
888 1765 1059 1842 specialibus
1068 1764 1266 1825 occasionibus
1329 1818 1333 1825 .

89 1880 175 1941 opera
189 1863 319 1936 quaedam
332 1864 571 1940 conscripserunt,
581 1863 620 1931 ¹ud
637 1862 816 1921 elucidandas
834 1863 1004 1936 questiones
1023 1873 1153 1931 exortas,
1166 1865 1211 1922 vel
1220 1863 1267 1922 'sd

88 1959 241 2037 sopiendas
255 1959 461 2026 contentiones,
473 1960 518 2017 vel
529 1942 786 2018 adedificaticoem
797 1959 936 2027 fidelium
949 1959 1121 2032 quaestione
1133 1958 1268 2016 aChristi

87 2057 232 2143 voluntate
244 2074 302 2112 non
314 2061 501 2122 recesserunt,
508 2074 551 2112 ers
564 2057 640 2114 euim
651 2055 777 2119 docendi
782 2058 889 2115 tributa
889 2055 1033 2125 facultate
1041 2072 1111 2119 voce
1116 2064 1160 2114 et
1161 2055 1269 2132 scripto

88 2154 187 2215 ducere
200 2138 339 2228 poterant,
347 2153 475 2224 quamvis
487 2153 606 2228 neaipai
615 2154 806 2239 potuissent
783 2174 885 2213 munus
896 2144 1123 2213 etauctoritatem
1135 2153 1266 2222 docendi,

89 2266 173 2324 qnam
189 2260 357 2324 perpetuam
367 2265 431 2304 esse
445 2245 578 2305 Christus
593 2247 788 2328 piscencium,
804 2251 946 2327 abrogare,
961 2251 1267 2326 relapso-imminuere

81 2346 154 2405 rim.
177 2343 279 2419 Longe
288 2343 322 2400 ab
332 2342 433 2400 erslurt
441 2341 604 2423 hujusmodi
614 2344 775 2412 consilium,
783 2345 831 2417 qui
840 2363 876 2402 nc
886 2345 1001 2418 quidem
1010 2346 1096 2405 ullam
1104 2345 1269 2407 adhibuisse

89 2454 180 2499 mrem
191 2448 354 2507 noscuntur,
364 2439 465 2512 ιιιὲιιιιο
474 2439 682 2515 scripserautin
690 2458 779 2499 unum
787 2441 994 2519 colligerentur,
1004 2453 1032 2499 et
1040 2430 1268 2521 divulg'arentur't
1316 2518 1319 2523 1

90 2537 135 2595 sed
143 2537 324 2614 scriptorum,
337 2537 446 2596 sicutet
456 2535 578 2614 depositi
590 2538 676 2596 totius
686 2536 832 2615 doctrinae,
843 2540 1001 2598 custodiam
1016 2538 1182 2618 Episcopis‘,
1194 2558 1269 2615 quos

90 2626 258 2702 ordinarunt,
273 2633 455 2707 reliquerunt,
467 2652 526 2692 ,eos
547 2634 729 2695 vehementer
749 2635 931 2693 adhortatiut
951 2637 1006 2694 sibi
1026 2646 1054 2694 et
1076 2639 1166 2714 gregi,
1181 2652 1267 2710 quent

90 2748 122 2789 ex
131 2731 254 2810 Spiritus
267 2733 355 2788 sancti
368 2732 528 2789 auctoritate
538 2733 680 2807 regebant,
692 2733 880 2808 invigilarent,
889 2734 1061 2804 verbumque
1074 2733 1268 2808 predicarent,

90 2841 255 2908 opportune,
270 2831 441 2906 importune.
475 2829 581 2886 Divina
593 2829 655 2888 hec
668 2830 774 2905 scripta
784 2846 888 2935 magnp
899 2840 965 2886 sunt
978 2829 1105 2887 subsidio
1120 2829 1155 2888 ad
1170 2832 1268 2889 verita·

90 2937 143 2987 ιιιιι
156 2927 392 2999 conservandam,
408 2935 437 2984 et
449 2924 607 3001 Apostolici
622 2924 770 2983 ministerii
781 2898 937 2993 auctoiitati
950 2935 1045 3002 aperte
1061 2926 1266 3007 suffragamur}

90 3033 144 3083 tam
157 3025 243 3101 lenge
256 3014 336 3080 abest
348 3035 379 3081 ut
392 3021 461 3079 illud
476 3021 652 3107 labefactent.
675 3012 762 3087 Quod
773 3031 864 3085 autem
877 3021 913 3103 de
926 3021 1003 3080 labili
1015 3025 1161 3092 memoria,
1171 3024 1268 3083 fraude

89 3133 114 3181 st
132 3122 243 3203 malitia
261 3121 410 3179 hominum
431 3104 542 3207 dicitur,
559 3102 735 3199 momentum
757 3119 871 3213 aliquod
893 3092 1016 3188 liaberet,
1028 3123 1057 3179 si
1080 3122 1116 3180 de
1136 3123 1269 3185 humanis

76 3198 395 3293 xcintrisillisexequendis
404 3229 540 3296 ageretur:
549 3229 681 3296 ceterum
689 3219 797 3278 Christi
808 3219 859 3277 luit
861 3224 1107 3291 ,presummasha
1117 3224 1268 3297 sapientia,

87 3319 223 3387 rationem
243 3316 461 3385 uansmittendre
482 3315 616 3375 doctrines
615 3318 750 3453 eligere,
766 3326 794 3375 st
814 3337 869 3394 pro
886 3318 997 3376 infinita
1016 3322 1068 3375 saia
1089 3320 1216 3394 potentia
1234 3336 1268 3375 ea
1293 3346 1301 3375 ·.

88 3424 213 3471 arermre
226 3413 329 3485 quibus
344 3409 435 3470 vitiari
450 3421 607 3487 posset...

126 3508 196 3588 Obj.
212 3513 241 3567 3.
262 3484 418 3586 Apostolus
439 3507 635 3571 Timotheum,
650 3506 817 3582 episcopum
837 3506 912 3572 licet,
931 3486 969 3565 ob
988 3507 1195 3583 scripturarum¹
1210 3516 1268 3564 stu·
1281 3536 1285 3544 ·

88 3605 165 3665 dium
179 3592 283 3672 laudat,
298 3619 404 3676 easque
419 3623 484 3661 eum
500 3603 533 3660 ad
548 3602 686 3671 salutem
676 3611 815 3659 susurrare
828 3602 930 3668 valere,
944 3603 1138 3680 'agnoscit¹5¹
1300 3614 1304 3619 ·

122 3699 214 3777 Respa
236 3698 420 3766 Laudandum
433 3699 557 3756 maxime
568 3708 612 3754 est
626 3695 996 3772 Scripturarum-stndium,
990 3716 1044 3757 nec
1056 3696 1092 3754 dc
1102 3714 1138 3756 eo
1148 3699 1268 3777 questio
1311 3765 1314 3772 ,

88 3808 144 3857 esta
164 3797 218 3857 sed
231 3809 354 3871 quanam
367 3798 475 3855 ratione
490 3796 622 3853 Christus
636 3794 769 3854 doctrine
783 3814 842 3853 sure
865 3797 1060 3873 propagationi
1074 3807 1102 3855 et
1122 3799 1267 3857 transmis-

88 3896 161 3955 sioni
182 3895 347 3972 peremnia
361 3894 464 3953 secula
483 3870 642 3952 consultum
657 3893 785 3951 voluerit.
827 3892 900 3951 Pros
886 3888 958 3951 secth
979 3895 1132 3975 Apostolus
1154 3901 1188 3956 eo
1209 3898 1285 3957 loci.

88 3991 273 4051 Timotheum
289 3990 324 4048 ad
338 3989 597 4067 perseverandum
590 4009 620 4053 ru
634 3988 769 4048 doctrina
774 3982 858 4063 quam
873 4008 910 4047 ex
931 3991 1033 4067 ipsius
1029 3990 1209 4052 institutione
1226 3995 1268 4052 di·

72 4072 202 4157 'dicarat
215 4089 352 4156 hortatur,
368 4106 522 4160 suamque
519 4088 630 4147 fidem
627 4099 663 4147 et
683 4089 876 4151 anctoritatem·
895 4088 942 4147 dat
961 4087 1079 4150 uadem:
1100 4094 1177 4151 ‘Tu
1200 4112 1266 4151 vero

86 4201 220 4264 perinane
234 4188 263 4246 in
277 4188 313 4244 iis
328 4204 390 4258 quae
402 4184 538 4253 didicisti,
553 4197 581 4244 οι
594 4184 779 4253 eredita'sunt'
791 4188 839 4246 tibi
851 4208 857 4245 ι
868 4188 968 4245 sciens
981 4208 998 4251 a
1013 4185 1264 4262 qno‘diiliceris.”-⁸

87 4282 133 4343 En
149 4287 241 4362 ipsam
256 4303 343 4370 quam
355 4283 449 4340 statuit
464 4283 595 4341 Christus
611 4276 784 4343 methodum.
826 4286 919 4351 Quum
936 4296 1027 4357 autem
1044 4270 1213 4365 Timotheus
1229 4290 1263 4346 ab

250 4490 448 4558 ⁰)H⁰b'¹'¹⁰'
492 4542 497 4553 ·
558 4468 574 4551 s'
672 4506 675 4511 “
798 4481 972 4557 (bisam.
1001 4512 1025 4545 ι’

250 4578 395 4640 (ιιιιιιη.
408 4574 442 4625 ιιι.
455 4577 491 4627 15.
535 4630 537 4640 ¹
767 4585 797 4597 ,,

207 4666 279 4724 Vcn.
296 4665 399 4724 l.-·35
