2768 5032
496 235 855 327 pentimimeris.
930 248 961 295 ⁴²-
1213 260 1267 318 ua

77 431 286 508 benignaerga
307 437 426 487 tortores
443 427 581 492 voluutas,
597 437 624 484 et
645 425 745 483 modus
767 426 813 483 ille
834 425 936 483 latitia
957 424 1008 498 qui
1027 422 1158 480 intimum
1178 421 1266 478 animi

81 546 200 584 sensum
215 525 318 604 prodit.
357 525 470 583 “Nihil
483 543 550 602 ergo
564 523 656 580 simile
671 522 755 579 habet
764 523 920 580 constantia
934 531 1090 597 martyrum
1105 529 1133 593 et
1146 518 1269 594 pertines

80 623 129 680 cia
148 622 342 694 horum,·quie
361 621 459 679 mortis
474 630 668 696 contemptum
687 621 716 677 in
738 610 794 676 illis
815 619 914 694 pietas,
930 619 958 676 in
974 618 1035 674 istis
1050 615 1143 675 cordis
1164 614 1269 673 duritia·-

80 717 261 795 operatur.”²
1058 699 1062 708 ’

126 813 236 893 011116.
259 813 407 872 Plurimi
399 824 472 870 rnter
492 812 578 870 ludos
592 831 624 869 se
641 822 768 869 sternunt
781 812 811 869 in
826 811 878 868 viis
893 822 923 868 ut
944 811 1070 886 plaustro
1091 808 1268 885 Juggeruaut

83 919 224 997 terantur.
237 909 389 967 mulieres
382 927 411 967 111
421 909 556 989 iguem
525 927 557 965 se
566 909 688 975 mittunt,
698 908 798 965 marito
810 896 920 971 nrortuo
932 919 962 963 ut
972 917 1107 993 testentur
1116 905 1266 963 affectum:

85 992 170 1065 secte
184 1008 242 1066 lare
257 1024 357 1067 omnes
373 1024 440 1063 suos
455 982 611 1063 habuerunt
624 1017 780 1081 martyres,
802 1023 859 1080 prae
873 1003 982 1062 ceteris
1002 1001 1070 1060 verb
1091 1005 1268 1080 protestanti-

86 1122 137 1172 coe,
151 1103 195 1160 uti
208 1103 297 1175 liquet
309 1120 346 1158 ex
361 1101 567 1178 Martyrologio
581 1101 654 1158 Fox.
988 1164 991 1169 ¹

32 1239 35 1243 -
125 1200 217 1278 Resp
237 1186 433 1276 Martyiem,'
422 1212 505 1276 Juxta
524 1200 705 1257 verissimum
724 1199 879 1275 Augustini
896 1199 1091 1266 antiomenon
1112 1168 1268 1275 paeua,sed

87 1317 173 1356 causa
192 1297 270 1354 facit.
308 1296 372 1354 ludi
385 1297 426 1354 illi
448 1297 639 1373 superstitioni
654 1297 814 1372 mancipati,
831 1297 879 1368 qui
890 1292 962 1352 'sese
976 1295 1163 1353 conterendos
1183 1295 1268 1372 proji-

84 1397 174 1464 ciunt,
188 1395 292 1453 nullius
304 1395 357 1452 rei
380 1407 476 1471 geste,
493 1395 598 1453 nullius
613 1394 750 1471 dogmatis
772 1414 804 1452 se
826 1405 910 1453 testes
925 1394 1077 1451 exhibent:
1100 1393 1151 1465 sed
1171 1394 1266 1470 pravis

87 1511 150 1552 suae
165 1493 257 1570 gentis
269 1491 518 1568 consuetudinibus
533 1494 737 1564 obsequuntur,
751 1504 880 1567 putantes
895 1511 926 1549 se
941 1493 1050 1549 numini
1071 1500 1202 1568 prestare
1217 1492 1270 1549 ob·

10 1636 17 1647 .
87 1589 232 1661 sequium.
263 1575 408 1647 Mulieres
423 1588 506 1646 etiam
528 1587 656 1664 populari
670 1589 759 1645 errori
771 1599 799 1644 et
812 1599 932 1663 recepte
947 1577 1145 1647 consuetudini
1158 1598 1266 1647 morem

89 1695 200 1764 gerunt,
222 1684 366 1743 infamiam
386 1685 558 1757 ceteroquin
580 1685 670 1742 laturi.
713 1684 830 1741 sectarii
845 1685 971 1760 plerique
993 1687 1029 1742 ob
1045 1688 1137 1743 turbas
1165 1673 1267 1755 motas,

86 1784 265 1856 facinoraque
277 1783 398 1860 plurima
407 1784 437 1841 in
450 1782 577 1850 Clerum,
588 1783 831 1865 Sanctirnouiales,
842 1793 869 1839 et
880 1781 1016 1858 populum
1029 1782 1142 1841 fidelem
1154 1795 1269 1863 patrata,

91 1879 271 1940 Ecclesiiset
307 1881 390 1938 etiam
414 1879 594 1951 Mouasteriis
615 1879 773 1947 destructis,
793 1881 839 1938 vel
861 1881 1024 1956 profanatis,
1046 1880 1157 1937 suerunt
1177 1894 1267 1938 morte

87 1978 204 2047 multati,
219 1979 261 2036 uti
275 1976 310 2034 de
332 1968 617 2038 circumcellionibus
634 1976 759 2054 tempure
776 1980 936 2055 Augustini,
952 1979 1152 2055 albigensibus
1171 1977 1272 2036 medlo·

88 2094 155 2151 evo,
171 2076 304 2149 aliisque,
315 2077 517 2134 recentioribus
532 2077 719 2152 temporibus,
731 2088 849 2134 constat
872 2077 994 2134 Veteres
1007 2089 1099 2137 autern
1111 2075 1267 2133 Christiani

85 2175 117 2233 ob
138 2173 231 2233 fidem
251 2184 280 2231 et
299 2162 465 2246 obsequium
488 2173 596 2231 Christi
613 2174 769 2249 perierunt,
792 2175 868 2232 nulla
887 2176 958 2233 saeta
978 2175 1134 2263 seditione,
1136 2174 1270 2251 μ1111111

84 2272 146 2332 aliis
169 2273 282 2330 illata
299 2271 419 2338 Quod
397 2291 422 2328 s1
436 2291 472 2329 ex
493 2271 625 2328 Scutariis
640 2273 767 2329 nonnulli
788 2284 902 2348 propter
915 2275 992 2331 solos
1007 2292 1074 2331 suos
1089 2262 1197 2331 ermres
1211 2273 1271 2330 sint'

80 2367 222 2436 damnati,
238 2369 284 2427 ille
300 2369 400 2446 legum
423 2370 498 2446 rigor
512 2381 588 2427 ortus
610 2368 717 2426 videtur
732 2389 768 2426 ex
790 2371 911 2427 motibus
934 2372 1074 2439 civilibus,
1092 2381 1123 2428 et
1141 2371 1271 2428 faciunta-

75 2463 144 2536 bus,
163 2483 233 2542 que
243 2467 374 2547 heresim
395 2468 560 2543 plerumque
575 2469 786 2539 comitabantur,
801 2480 829 2526 et
842 2487 961 2542 quorum
977 2468 1062 2539 causa
1076 2481 1163 2542 quum
1186 2453 1267 2538 foret,

69 2570 194 2628 crimen
216 2566 413 2642 gravissimum
429 2576 524 2623 contra
538 2555 697 2641 reipublice
718 2567 943 2639 tranquillitatem
958 2579 986 2625 et
1005 2569 1122 2627 salutem
1138 2569 1200 2644 ipsa
1220 2569 1286 2624 hu·-

64 2655 212 2722 bebatur'.
251 2661 295 2718 1111
311 2674 403 2719 autern
418 2662 560 2737 Martyres
575 2661 670 2719 haberi
683 2682 740 2720 non
753 2672 881 2738 possunt,
897 2682 961 2720 nam
971 2663 1076 2720 nullam
1088 2658 1151 2720 rem
1160 2673 1270 2737 gestam¹

62 2749 267 2832 testabantur,
290 2760 396 2817 nullam
420 2761 564 2818 veritatem
589 2759 665 2818 certd
690 2761 744 2825 sibi
766 2761 916 2836 cognitam,
940 2761 990 2817 sed
1013 2779 1063 2836 pro
1086 2761 1268 2835 opinionibus

59 2858 214 2919 maxime
227 2855 301 2914 inter
314 2875 345 2913 se
360 2856 545 2937 discordibus,
561 2857 662 2929 quibus
679 2856 764 2913 fidem
779 2856 954 2914 Catholicam
964 2842 1172 2932 ,impugnabant
1185 2857 1269 2915 inter·

55 2953 145 3016 fecti
173 2963 252 3011 sunt.
294 2953 438 3026 Quidquid
462 2956 545 3030 igitur
568 2955 606 3011 sit
631 2953 746 3030 dejure
772 2953 974 3039 quoidamuati
996 2955 1163 3019 suut,omni
1186 2955 1268 3031 plane
1338 3000 1345 3017 ,

56 3061 181 3112 carent
195 3050 255 3108 veri
272 3053 406 3127 Martyris
418 3052 586 3109 charactere.
618 3052 731 3126 Martyr
744 3062 787 3108 est
798 3053 848 3123 qui
859 3052 982 3108 veritatis
996 3042 1128 3109 divinitus
1141 3053 1269 3126 revelate
1358 3074 1361 3078 ’

56 3151 165 3212 testis
181 3159 237 3216 est,
252 3149 298 3233 vel
311 3142 354 3207 rei
365 3150 451 3226 gestae
465 3146 520 3223 qua
534 3150 656 3207 fulcitur.
699 3132 835 3217 Humilis,
851 3151 971 3227 patiens,
986 3169 1053 3227 erga
1073 3156 1268 3227 persecutores

51 3244 243 3308 benevolus
257 3264 374 3304 neeesse
388 3258 431 3332 est
444 3258 476 3305 ut
489 3249 542 3314 sit;
558 3249 606 3320 qui
619 3246 685 3305 verd
701 3250 830 3324 pervicax
845 3261 963 3308 mortem
979 3267 1062 3321 quarn
1076 3251 1161 3306 vitare
1173 3250 1270 3321 nequit
1356 3294 1362 3309 .

58 3343 172 3409 subit,
189 3341 281 3398 minas
296 3341 446 3409 intentans,
460 3342 541 3399 laude
555 3345 682 3418 martyrii
696 3344 862 3401 destituitur.
896 3344 979 3410 Quod
996 3338 1032 3401 ad
1045 3340 1181 3419 martyres
1198 3364 1269 3416 quos

56 3437 231 3499 recensuit
250 3437 311 3494 For
326 3448 443 3532 spectat,
459 3439 574 3514 plnres
569 3458 596 3495 rn
612 3440 682 3495 vivis
698 3451 775 3496 eraut
789 3458 823 3496 eo
845 3441 907 3516 ipso
922 3459 978 3512 quo
992 3440 1112 3518 scripsit
1131 3449 1268 3531 tempore,

58 3538 127 3596 alii
153 3532 193 3592 ob
208 3528 398 3591 maledictam
412 3536 535 3610 reginam
549 3536 691 3639 Mariam
680 3549 791 3613 jactata,
807 3546 835 3592 et
841 3538 940 3645 turbas
956 3537 1099 3605 circitatas,
1116 3537 1267 3613 perierunt.

214 3748 217 3752 ’
245 3725 249 3733 ¹
318 3763 346 3812 C
362 3757 466 3814 xv111.'
483 3763 538 3815 DE
555 3737 731 3815 ECGLESIAE
745 3708 1094 3817 CONSllRl'ATlONE.

117 3902 221 3987 'Prope
244 3906 398 3966 catholica
420 3909 577 3988 Religionis
598 3913 772 4019 c‘orrseryatio
790 3923 896 3971 certum
911 3925 957 3971 est
967 3912 1067 3971 divium
1081 3898 1190 3974 Christi
1204 3919 1265 4023 mis·

70 4006 181 4067 sionis
196 4002 406 4082 argumentum,
445 4068 448 4075 ,
493 4013 503 4023 “

128 4100 225 4160 Proh
247 4101 299 4159 llla
319 4103 361 4159 vis
384 4101 487 4160 invict'a
506 4122 570 4177 qua,
586 4105 665 4162 inter
672 4116 711 4162 tot
731 4124 823 4163 rerum
844 4107 1027 4165 humanarum
1043 4107 1135 4176 tvi'ces,
1151 4113 1272 4186 perstitit

75 4213 209 4275 semper
229 4196 377 4269 Catholiea
401 4197 522 4274 Religio,
545 4219 606 4271 nou
627 4213 719 4278 potest
739 4203 900 4261 humanitus
922 4204 1056 4280 explicari
1066 4182 1077 4263 ε’
1099 4226 1165 4265 nam
1186 4208 1274 4266 vehe··

29 4313 33 4316 ·
72 4303 202 4354 mentes
213 4312 289 4371 sepe
300 4294 405 4377 saepius
413 4295 545 4352 sustinuit
555 4296 822 4373 hostiumimpetus,
835 4286 953 4367 iudeis,
965 4296 1106 4369 Ethnicis,
1119 4302 1273 4370 hereticis,-

74 4385 120 4449 in
143 4391 383 4448 eamruenutns.
413 4379 513 4449 ⁸Omni
537 4384 655 4451 telorum
681 4411 783 4471 genere
807 4406 903 4454 contra
926 4415 987 4455 eam
1012 4398 1143 4456 bellatum
1167 4410 1219 4462 est,
1241 4400 1269 4454 vi

77 4498 200 4563 aperta,
214 4487 311 4546 cuneis
320 4496 349 4544 ct
361 4487 448 4545 dolis·
486 4489 707 4562 Nonnumquam
722 4491 890 4568 Philosophi
899 4492 1075 4553 dialecticam
1085 4494 1274 4552 adhibuerunt

449 4604 484 4666 (l)
502 4603 574 4661 Bora.
585 4597 691 4655 incant.
707 4602 846 4657 Sarmaliu-
880 4600 882 4605 ’

214 4683 288 4742 Vou.
303 4683 407 4743 1.-16
799 4695 801 4699 ’
