<?xml version="1.0" encoding="UTF-8"?>
<!DOCTYPE html PUBLIC "-//W3C//DTD XHTML 1.0 Transitional//EN"
    "http://www.w3.org/TR/xhtml1/DTD/xhtml1-transitional.dtd">
<html xmlns="http://www.w3.org/1999/xhtml" xml:lang="en" lang="en">
 <head>
  <title>
</title>
<meta http-equiv="Content-Type" content="text/html;charset=utf-8" />
  <meta name='ocr-system' content='tesseract 3.04.00' />
  <meta name='ocr-capabilities' content='ocr_page ocr_carea ocr_par ocr_line ocrx_word'/>
</head>
<body>
  <div class='ocr_page' id='page_1' title='image "./theologidogmati00kenrgoog_0434.png"; bbox 0 0 2738 5032; ppageno 0'>
   <div class='ocr_carea' id='block_1_1' title="bbox 381 276 1263 339">
    <p class='ocr_par' dir='ltr' id='par_1_1' title="bbox 381 276 1263 339">
     <span class='ocr_line' id='line_1_1' title="bbox 381 276 1263 339; baseline -0.003 0"><span class='ocrx_word' id='word_1_1' title='bbox 381 279 437 339; x_wconf 81' lang='lat' dir='ltr'><strong>DE</strong></span> <span class='ocrx_word' id='word_1_2' title='bbox 458 276 632 339; x_wconf 83' lang='lat' dir='ltr'><strong>PATRUM</strong></span> <span class='ocrx_word' id='word_1_3' title='bbox 652 277 961 339; x_wconf 81' lang='lat' dir='ltr'><strong>AUOTORl&#39;l&#39;ATE.</strong></span> <span class='ocrx_word' id='word_1_4' title='bbox 1205 279 1263 337; x_wconf 70' lang='lat'><strong>485</strong></span> 
     </span>
    </p>
   </div>
   <div class='ocr_carea' id='block_1_2' title="bbox 80 435 1357 3900">
    <p class='ocr_par' dir='ltr' id='par_1_2' title="bbox 80 435 1300 1759">
     <span class='ocr_line' id='line_1_2' title="bbox 84 435 1262 515; baseline 0 -21"><span class='ocrx_word' id='word_1_5' title='bbox 84 436 225 504; x_wconf 63' lang='lat' dir='ltr'><strong>maeatis</strong></span> <span class='ocrx_word' id='word_1_6' title='bbox 238 436 310 499; x_wconf 83' lang='lat' dir='ltr'><strong>dixit</strong></span> <span class='ocrx_word' id='word_1_7' title='bbox 322 438 358 497; x_wconf 85' lang='lat' dir='ltr'><strong>de</strong></span> <span class='ocrx_word' id='word_1_8' title='bbox 372 437 528 505; x_wconf 79' lang='lat' dir='ltr'><strong>millenam,</strong></span> <span class='ocrx_word' id='word_1_9' title='bbox 543 456 607 511; x_wconf 82' lang='lat' dir='ltr'><strong>que</strong></span> <span class='ocrx_word' id='word_1_10' title='bbox 617 435 757 515; x_wconf 72' lang='lat' dir='ltr'>Origenes</span> <span class='ocrx_word' id='word_1_11' title='bbox 769 437 799 496; x_wconf 92' lang='lat' dir='ltr'><strong>in</strong></span> <span class='ocrx_word' id='word_1_12' title='bbox 812 437 1019 515; x_wconf 79' lang='lat' dir='ltr'><strong>Scripturarum</strong></span> <span class='ocrx_word' id='word_1_13' title='bbox 1034 436 1262 513; x_wconf 76' lang='lat' dir='ltr'><strong>interpretatione</strong></span> 
     </span>
     <span class='ocr_line' id='line_1_3' title="bbox 81 516 1262 611; baseline 0 -20"><span class='ocrx_word' id='word_1_14' title='bbox 81 532 232 610; x_wconf 83' lang='lat' dir='ltr'><strong>allegorice</strong></span> <span class='ocrx_word' id='word_1_15' title='bbox 249 533 395 607; x_wconf 69' lang='lat' dir='ltr'><strong>luxurians</strong></span> <span class='ocrx_word' id='word_1_16' title='bbox 408 516 538 611; x_wconf 64' lang='lat' dir='ltr'><strong>protulitj</strong></span> <span class='ocrx_word' id='word_1_17' title='bbox 550 553 567 591; x_wconf 93' lang='lat' dir='ltr'><strong>a</strong></span> <span class='ocrx_word' id='word_1_18' title='bbox 579 533 647 592; x_wconf 83' lang='lat' dir='ltr'><strong>fidei</strong></span> <span class='ocrx_word' id='word_1_19' title='bbox 670 532 849 609; x_wconf 78' lang='lat' dir='ltr'><strong>simplicitate</strong></span> <span class='ocrx_word' id='word_1_20' title='bbox 864 534 965 602; x_wconf 84' lang='lat' dir='ltr'><strong>aliena,</strong></span> <span class='ocrx_word' id='word_1_21' title='bbox 987 534 1069 592; x_wconf 89' lang='lat' dir='ltr'><strong>nobis</strong></span> <span class='ocrx_word' id='word_1_22' title='bbox 1091 533 1182 610; x_wconf 89' lang='lat' dir='ltr'><strong>legem</strong></span> <span class='ocrx_word' id='word_1_23' title='bbox 1204 551 1262 591; x_wconf 91' lang='lat' dir='ltr'><strong>non</strong></span> 
     </span>
     <span class='ocr_line' id='line_1_4' title="bbox 80 627 1267 705; baseline 0.002 -21"><span class='ocrx_word' id='word_1_24' title='bbox 80 627 214 687; x_wconf 65' lang='lat' dir='ltr'><strong>faciunt.</strong></span> <span class='ocrx_word' id='word_1_25' title='bbox 235 639 255 691; x_wconf 61' lang='lat' dir='ltr'><strong>‘f</strong></span> <span class='ocrx_word' id='word_1_26' title='bbox 266 630 369 704; x_wconf 88' lang='lat' dir='ltr'><strong>Neque</strong></span> <span class='ocrx_word' id='word_1_27' title='bbox 383 629 492 698; x_wconf 86' lang='lat' dir='ltr'><strong>enim,’&#39;</strong></span> <span class='ocrx_word' id='word_1_28' title='bbox 507 630 548 688; x_wconf 88' lang='lat' dir='ltr'><strong>uti</strong></span> <span class='ocrx_word' id='word_1_29' title='bbox 562 640 636 688; x_wconf 90' lang='lat' dir='ltr'><strong>recte</strong></span> <span class='ocrx_word' id='word_1_30' title='bbox 650 628 1035 705; x_wconf 85' lang='lat' dir='ltr'><strong>animadvertitAugustinus,</strong></span> <span class='ocrx_word' id='word_1_31' title='bbox 1048 628 1267 704; x_wconf 82' lang='lat' dir='ltr'><strong>“quorumlibet</strong></span> 
     </span>
     <span class='ocr_line' id='line_1_5' title="bbox 85 724 1265 802; baseline 0.002 -20"><span class='ocrx_word' id='word_1_32' title='bbox 85 724 300 801; x_wconf 73' lang='lat' dir='ltr'><strong>disputationes,</strong></span> <span class='ocrx_word' id='word_1_33' title='bbox 315 726 444 799; x_wconf 87' lang='lat' dir='ltr'><strong>quamvis</strong></span> <span class='ocrx_word' id='word_1_34' title='bbox 457 725 659 786; x_wconf 89' lang='lat' dir='ltr'><strong>catholicorum</strong></span> <span class='ocrx_word' id='word_1_35' title='bbox 673 738 701 785; x_wconf 87' lang='lat' dir='ltr'><strong>et</strong></span> <span class='ocrx_word' id='word_1_36' title='bbox 713 725 887 784; x_wconf 89' lang='lat' dir='ltr'><strong>laudatorum</strong></span> <span class='ocrx_word' id='word_1_37' title='bbox 902 726 1061 794; x_wconf 88' lang='lat' dir='ltr'><strong>hominum,</strong></span> <span class='ocrx_word' id='word_1_38' title='bbox 1074 726 1133 785; x_wconf 87' lang='lat' dir='ltr'><strong>vel¹</strong></span> <span class='ocrx_word' id='word_1_39' title='bbox 1146 726 1265 802; x_wconf 88' lang='lat' dir='ltr'><strong>scriptu·</strong></span> 
     </span>
     <span class='ocr_line' id='line_1_6' title="bbox 84 823 1264 897; baseline -0.001 -16"><span class='ocrx_word' id='word_1_40' title='bbox 84 843 131 881; x_wconf 86' lang='lat' dir='ltr'><strong>ras</strong></span> <span class='ocrx_word' id='word_1_41' title='bbox 145 825 295 883; x_wconf 77' lang='lat' dir='ltr'><strong>canomcas</strong></span> <span class='ocrx_word' id='word_1_42' title='bbox 304 824 406 883; x_wconf 87' lang='lat' dir='ltr'><strong>habere</strong></span> <span class='ocrx_word' id='word_1_43' title='bbox 417 823 563 891; x_wconf 88' lang='lat' dir='ltr'><strong>debemus,</strong></span> <span class='ocrx_word' id='word_1_44' title='bbox 575 834 606 882; x_wconf 89' lang='lat' dir='ltr'><strong>ut</strong></span> <span class='ocrx_word' id='word_1_45' title='bbox 616 825 697 883; x_wconf 90' lang='lat' dir='ltr'><strong>nobis</strong></span> <span class='ocrx_word' id='word_1_46' title='bbox 711 843 770 882; x_wconf 91' lang='lat' dir='ltr'><strong>non</strong></span> <span class='ocrx_word' id='word_1_47' title='bbox 778 823 872 892; x_wconf 87' lang='lat' dir='ltr'><strong>liceat,</strong></span> <span class='ocrx_word' id='word_1_48' title='bbox 884 824 961 882; x_wconf 87' lang='lat' dir='ltr'><strong>salva</strong></span> <span class='ocrx_word' id='word_1_49' title='bbox 974 823 1191 883; x_wconf 83' lang='lat' dir='ltr'><strong>honorificentia</strong></span> <span class='ocrx_word' id='word_1_50' title='bbox 1201 840 1264 897; x_wconf 76' lang='lat' dir='ltr'><strong>que</strong></span> 
     </span>
     <span class='ocr_line' id='line_1_7' title="bbox 87 918 1300 997; baseline 0.002 -21"><span class='ocrx_word' id='word_1_51' title='bbox 87 919 144 978; x_wconf 91' lang='lat' dir='ltr'><strong>illis</strong></span> <span class='ocrx_word' id='word_1_52' title='bbox 158 918 275 981; x_wconf 88' lang='lat' dir='ltr'><strong>debetur</strong></span> <span class='ocrx_word' id='word_1_53' title='bbox 287 920 460 988; x_wconf 89' lang='lat' dir='ltr'><strong>hominibus,</strong></span> <span class='ocrx_word' id='word_1_54' title='bbox 471 919 576 994; x_wconf 90' lang='lat' dir='ltr'><strong>aliquid</strong></span> <span class='ocrx_word' id='word_1_55' title='bbox 588 920 617 979; x_wconf 89' lang='lat' dir='ltr'><strong>in</strong></span> <span class='ocrx_word' id='word_1_56' title='bbox 629 939 728 978; x_wconf 84' lang='lat' dir='ltr'><strong>eornm</strong></span> <span class='ocrx_word' id='word_1_57' title='bbox 739 920 852 996; x_wconf 89' lang='lat' dir='ltr'><strong>scriptis</strong></span> <span class='ocrx_word' id='word_1_58' title='bbox 861 921 1020 996; x_wconf 90' lang='lat' dir='ltr'><strong>improbare</strong></span> <span class='ocrx_word' id='word_1_59' title='bbox 1030 931 1113 994; x_wconf 90' lang='lat' dir='ltr'><strong>atquc</strong></span> <span class='ocrx_word' id='word_1_60' title='bbox 1123 937 1265 997; x_wconf 77' lang='lat' dir='ltr'>respuere,</span> <span class='ocrx_word' id='word_1_61' title='bbox 1297 932 1300 937; x_wconf 76' lang='grc'><em>’</em></span> 
     </span>
     <span class='ocr_line' id='line_1_8' title="bbox 86 1015 1267 1095; baseline 0 -20"><span class='ocrx_word' id='word_1_62' title='bbox 86 1016 113 1075; x_wconf 88' lang='lat' dir='ltr'><strong>si</strong></span> <span class='ocrx_word' id='word_1_63' title='bbox 128 1016 199 1075; x_wconf 81' lang='lat' dir='ltr'><strong>sorte</strong></span> <span class='ocrx_word' id='word_1_64' title='bbox 212 1017 404 1076; x_wconf 81' lang='lat' dir='ltr'><strong>invenerimus</strong></span> <span class='ocrx_word' id='word_1_65' title='bbox 418 1015 496 1089; x_wconf 90' lang='lat' dir='ltr'><strong>quod</strong></span> <span class='ocrx_word' id='word_1_66' title='bbox 509 1017 589 1074; x_wconf 89' lang='lat' dir='ltr'><strong>aliter</strong></span> <span class='ocrx_word' id='word_1_67' title='bbox 602 1016 742 1077; x_wconf 80' lang='lat' dir='ltr'><strong>senserint</strong></span> <span class='ocrx_word' id='word_1_68' title='bbox 755 1034 840 1090; x_wconf 90' lang='lat' dir='ltr'><strong>quam</strong></span> <span class='ocrx_word' id='word_1_69' title='bbox 854 1018 955 1076; x_wconf 87' lang='lat' dir='ltr'><strong>veritas</strong></span> <span class='ocrx_word' id='word_1_70' title='bbox 969 1017 1064 1085; x_wconf 88' lang='lat' dir='ltr'><strong>habet,</strong></span> <span class='ocrx_word' id='word_1_71' title='bbox 1078 1017 1175 1075; x_wconf 88' lang='lat' dir='ltr'><strong>divino</strong></span> <span class='ocrx_word' id='word_1_72' title='bbox 1189 1016 1267 1095; x_wconf 86' lang='lat' dir='ltr'><strong>adju·</strong></span> 
     </span>
     <span class='ocr_line' id='line_1_9' title="bbox 87 1110 1268 1191; baseline -0.001 -20"><span class='ocrx_word' id='word_1_73' title='bbox 87 1113 161 1171; x_wconf 92' lang='lat' dir='ltr'><strong>torio</strong></span> <span class='ocrx_word' id='word_1_74' title='bbox 173 1112 221 1171; x_wconf 87' lang='lat' dir='ltr'><strong>vel</strong></span> <span class='ocrx_word' id='word_1_75' title='bbox 233 1113 268 1170; x_wconf 94' lang='lat' dir='ltr'><strong>ab</strong></span> <span class='ocrx_word' id='word_1_76' title='bbox 280 1113 342 1171; x_wconf 86' lang='lat' dir='ltr'><strong>aliis</strong></span> <span class='ocrx_word' id='word_1_77' title='bbox 356 1113 506 1180; x_wconf 85' lang='lat' dir='ltr'><strong>intellecta,</strong></span> <span class='ocrx_word' id='word_1_78' title='bbox 521 1113 567 1170; x_wconf 90' lang='lat' dir='ltr'><strong>vel</strong></span> <span class='ocrx_word' id='word_1_79' title='bbox 581 1132 598 1170; x_wconf 93' lang='lat' dir='ltr'><strong>a</strong></span> <span class='ocrx_word' id='word_1_80' title='bbox 611 1110 740 1171; x_wconf 80' lang='lat' dir='ltr'><strong>nobis.&#39;’¹</strong></span> <span class='ocrx_word' id='word_1_81' title='bbox 779 1113 828 1171; x_wconf 87' lang='lat' dir='ltr'><strong>Sic</strong></span> <span class='ocrx_word' id='word_1_82' title='bbox 842 1122 871 1170; x_wconf 89' lang='lat' dir='ltr'><strong>et</strong></span> <span class='ocrx_word' id='word_1_83' title='bbox 883 1114 1004 1190; x_wconf 83' lang='lat' dir='ltr'><strong>insignis</strong></span> <span class='ocrx_word' id='word_1_84' title='bbox 1022 1115 1086 1190; x_wconf 88' lang='lat' dir='ltr'><strong>ejus</strong></span> <span class='ocrx_word' id='word_1_85' title='bbox 1100 1113 1268 1191; x_wconf 88' lang='lat' dir='ltr'><strong>discipulus,</strong></span> 
     </span>
     <span class='ocr_line' id='line_1_10' title="bbox 88 1210 1270 1288; baseline 0 -20"><span class='ocrx_word' id='word_1_86' title='bbox 88 1212 122 1268; x_wconf 83' lang='lat' dir='ltr'><strong>S.</strong></span> <span class='ocrx_word' id='word_1_87' title='bbox 150 1211 279 1269; x_wconf 79' lang='lat' dir='ltr'><strong>Thomas</strong></span> <span class='ocrx_word' id='word_1_88' title='bbox 303 1211 449 1284; x_wconf 77' lang='lat' dir='ltr'><strong>Aquinas:</strong></span> <span class='ocrx_word' id='word_1_89' title='bbox 473 1210 717 1268; x_wconf 81' lang='lat' dir='ltr'><strong>“Auctoritatibus</strong></span> <span class='ocrx_word' id='word_1_90' title='bbox 743 1220 837 1269; x_wconf 90' lang='lat' dir='ltr'><strong>autem</strong></span> <span class='ocrx_word' id='word_1_91' title='bbox 860 1212 1003 1269; x_wconf 80' lang='lat' dir='ltr'><strong>canonicae</strong></span> <span class='ocrx_word' id='word_1_92' title='bbox 1017 1212 1163 1288; x_wconf 83' lang='lat' dir='ltr'><strong>scripturae</strong></span> <span class='ocrx_word' id='word_1_93' title='bbox 1183 1212 1270 1269; x_wconf 90' lang='lat' dir='ltr'><strong>utitur</strong></span> 
     </span>
     <span class='ocr_line' id='line_1_11' title="bbox 90 1306 1270 1389; baseline -0.001 -24"><span class='ocrx_word' id='word_1_94' title='bbox 90 1309 194 1385; x_wconf 81' lang='lat' dir='ltr'><strong>(sacro</strong></span> <span class='ocrx_word' id='word_1_95' title='bbox 217 1306 367 1383; x_wconf 69' lang='lat' dir='ltr'><strong>doctmna)</strong></span> <span class='ocrx_word' id='word_1_96' title='bbox 399 1307 512 1385; x_wconf 92' lang='lat' dir='ltr'><strong>proprie</strong></span> <span class='ocrx_word' id='word_1_97' title='bbox 535 1326 573 1365; x_wconf 84' lang='lat' dir='ltr'><strong>ex</strong></span> <span class='ocrx_word' id='word_1_98' title='bbox 597 1308 764 1366; x_wconf 80' lang='lat' dir='ltr'><strong>necessitate</strong></span> <span class='ocrx_word' id='word_1_99' title='bbox 791 1307 1029 1384; x_wconf 87' lang='lat' dir='ltr'><strong>argumentando:</strong></span> <span class='ocrx_word' id='word_1_100' title='bbox 1062 1307 1270 1389; x_wconf 78' lang='lat' dir='ltr'><strong>auctoritatibus</strong></span> 
     </span>
     <span class='ocr_line' id='line_1_12' title="bbox 89 1401 1270 1481; baseline -0.001 -20"><span class='ocrx_word' id='word_1_101' title='bbox 89 1412 186 1478; x_wconf 81' lang='lat' dir='ltr'><strong>autem</strong></span> <span class='ocrx_word' id='word_1_102' title='bbox 196 1402 314 1475; x_wconf 50' lang='lat' dir='ltr'><strong>&amp;orum</strong></span> <span class='ocrx_word' id='word_1_103' title='bbox 325 1401 472 1461; x_wconf 83' lang='lat' dir='ltr'><strong>doctomm</strong></span> <span class='ocrx_word' id='word_1_104' title='bbox 483 1403 622 1461; x_wconf 83' lang='lat' dir='ltr'><strong>Ecclesiae</strong></span> <span class='ocrx_word' id='word_1_105' title='bbox 633 1403 714 1476; x_wconf 90' lang='lat' dir='ltr'><strong>quasi</strong></span> <span class='ocrx_word' id='word_1_106' title='bbox 725 1402 869 1480; x_wconf 89' lang='lat' dir='ltr'><strong>arguendo</strong></span> <span class='ocrx_word' id='word_1_107' title='bbox 879 1421 917 1461; x_wconf 83' lang='lat' dir='ltr'><strong>ex</strong></span> <span class='ocrx_word' id='word_1_108' title='bbox 930 1405 1063 1480; x_wconf 84' lang='lat' dir='ltr'><strong>propriis,</strong></span> <span class='ocrx_word' id='word_1_109' title='bbox 1076 1402 1128 1460; x_wconf 91' lang='lat' dir='ltr'><strong>sed</strong></span> <span class='ocrx_word' id='word_1_110' title='bbox 1142 1403 1270 1481; x_wconf 88' lang='lat' dir='ltr'><strong>probabi·</strong></span> 
     </span>
     <span class='ocr_line' id='line_1_13' title="bbox 89 1498 1269 1578; baseline -0.003 -18"><span class='ocrx_word' id='word_1_111' title='bbox 89 1501 165 1560; x_wconf 90' lang='lat' dir='ltr'><strong>liter.</strong></span> <span class='ocrx_word' id='word_1_112' title='bbox 206 1498 338 1557; x_wconf 87' lang='lat' dir='ltr'><strong>innititur</strong></span> <span class='ocrx_word' id='word_1_113' title='bbox 350 1501 426 1565; x_wconf 89' lang='lat' dir='ltr'><strong>enim</strong></span> <span class='ocrx_word' id='word_1_114' title='bbox 439 1499 621 1561; x_wconf 85' lang='lat' dir='ltr'><strong>lidesnostra</strong></span> <span class='ocrx_word' id='word_1_115' title='bbox 634 1500 797 1558; x_wconf 86' lang='lat' dir='ltr'><strong>revelationi</strong></span> <span class='ocrx_word' id='word_1_116' title='bbox 811 1500 957 1577; x_wconf 89' lang='lat' dir='ltr'><strong>Apostolis</strong></span> <span class='ocrx_word' id='word_1_117' title='bbox 971 1512 1000 1558; x_wconf 91' lang='lat' dir='ltr'><strong>et</strong></span> <span class='ocrx_word' id='word_1_118' title='bbox 1013 1500 1166 1578; x_wconf 85' lang='lat' dir='ltr'><strong>Prophetis</strong></span> <span class='ocrx_word' id='word_1_119' title='bbox 1179 1501 1269 1568; x_wconf 81' lang='lat' dir='ltr'><strong>sactae,</strong></span> 
     </span>
     <span class='ocr_line' id='line_1_14' title="bbox 89 1599 1281 1676; baseline 0.001 -19"><span class='ocrx_word' id='word_1_120' title='bbox 89 1599 140 1672; x_wconf 90' lang='lat' dir='ltr'><strong>qui</strong></span> <span class='ocrx_word' id='word_1_121' title='bbox 162 1599 317 1657; x_wconf 88' lang='lat' dir='ltr'><strong>canonicos</strong></span> <span class='ocrx_word' id='word_1_122' title='bbox 338 1599 426 1656; x_wconf 91' lang='lat' dir='ltr'><strong>libros</strong></span> <span class='ocrx_word' id='word_1_123' title='bbox 439 1599 625 1676; x_wconf 87' lang='lat' dir='ltr'><strong>scripserunt,</strong></span> <span class='ocrx_word' id='word_1_124' title='bbox 641 1618 698 1659; x_wconf 88' lang='lat' dir='ltr'><strong>non</strong></span> <span class='ocrx_word' id='word_1_125' title='bbox 719 1606 812 1659; x_wconf 86' lang='lat' dir='ltr'><strong>autem</strong></span> <span class='ocrx_word' id='word_1_126' title='bbox 833 1601 1008 1669; x_wconf 82' lang='lat' dir='ltr'><strong>revelationi,</strong></span> <span class='ocrx_word' id='word_1_127' title='bbox 1023 1605 1048 1659; x_wconf 93' lang='lat' dir='ltr'><strong>si</strong></span> <span class='ocrx_word' id='word_1_128' title='bbox 1070 1620 1127 1675; x_wconf 91' lang='lat' dir='ltr'><strong>qua</strong></span> <span class='ocrx_word' id='word_1_129' title='bbox 1142 1601 1196 1661; x_wconf 83' lang='lat' dir='ltr'><strong>suit</strong></span> <span class='ocrx_word' id='word_1_130' title='bbox 1209 1601 1281 1658; x_wconf 81' lang='lat' dir='ltr'><strong>aliis¹</strong></span> 
     </span>
     <span class='ocr_line' id='line_1_15' title="bbox 92 1693 817 1759; baseline -0.003 -5"><span class='ocrx_word' id='word_1_131' title='bbox 92 1695 256 1754; x_wconf 86' lang='lat' dir='ltr'><strong>doctoribus</strong></span> <span class='ocrx_word' id='word_1_132' title='bbox 270 1693 389 1753; x_wconf 80' lang='lat' dir='ltr'><strong>facta.’&#39;³</strong></span> <span class='ocrx_word' id='word_1_133' title='bbox 585 1754 588 1759; x_wconf 78' lang='grc'><strong>,</strong></span> <span class='ocrx_word' id='word_1_134' title='bbox 813 1703 817 1711; x_wconf 85' lang='grc'><strong>’</strong></span> 
     </span>
    </p>

    <p class='ocr_par' dir='ltr' id='par_1_3' title="bbox 88 1791 1357 3222">
     <span class='ocr_line' id='line_1_16' title="bbox 120 1791 1268 1871; baseline 0.001 -20"><span class='ocrx_word' id='word_1_135' title='bbox 120 1792 185 1863; x_wconf 71' lang='lat' dir='ltr'><strong>‚Vh</strong></span> <span class='ocrx_word' id='word_1_136' title='bbox 206 1792 371 1852; x_wconf 86' lang='lat' dir='ltr'><strong>ln-Patrum</strong></span> <span class='ocrx_word' id='word_1_137' title='bbox 384 1792 498 1868; x_wconf 89' lang='lat' dir='ltr'><strong>scriptis</strong></span> <span class='ocrx_word' id='word_1_138' title='bbox 517 1791 697 1869; x_wconf 86' lang='lat' dir='ltr'><strong>perlegendis</strong></span> <span class='ocrx_word' id='word_1_139' title='bbox 718 1793 853 1868; x_wconf 89' lang='lat' dir='ltr'><strong>temporis</strong></span> <span class='ocrx_word' id='word_1_140' title='bbox 873 1793 1006 1870; x_wconf 86' lang='lat' dir='ltr'><strong>adjuncta</strong></span> <span class='ocrx_word' id='word_1_141' title='bbox 1028 1805 1057 1852; x_wconf 92' lang='lat' dir='ltr'><strong>et</strong></span> <span class='ocrx_word' id='word_1_142' title='bbox 1076 1794 1189 1853; x_wconf 81' lang='lat' dir='ltr'><strong>occasio</strong></span> <span class='ocrx_word' id='word_1_143' title='bbox 1211 1812 1268 1871; x_wconf 83' lang='lat' dir='ltr'><strong>prae</strong></span> 
     </span>
     <span class='ocr_line' id='line_1_17' title="bbox 88 1888 1318 1964; baseline 0.001 -15"><span class='ocrx_word' id='word_1_144' title='bbox 88 1888 316 1955; x_wconf 82' lang='lat' dir='ltr'><strong>oeulishabenda</strong></span> <span class='ocrx_word' id='word_1_145' title='bbox 329 1899 479 1958; x_wconf 88' lang='lat' dir='ltr'><strong>sunt,nam</strong></span> <span class='ocrx_word' id='word_1_146' title='bbox 491 1888 554 1949; x_wconf 85' lang='lat' dir='ltr'><strong>ent&#39;e</strong></span> <span class='ocrx_word' id='word_1_147' title='bbox 563 1900 675 1948; x_wconf 84' lang='lat' dir='ltr'><strong>exortas</strong></span> <span class='ocrx_word' id='word_1_148' title='bbox 687 1891 809 1950; x_wconf 77' lang='lat' dir='ltr'><strong>hereses</strong></span> <span class='ocrx_word' id='word_1_149' title='bbox 820 1891 946 1949; x_wconf 83' lang='lat' dir='ltr'><strong>securius</strong></span> <span class='ocrx_word' id='word_1_150' title='bbox 957 1891 1152 1964; x_wconf 85' lang='lat' dir='ltr'><strong>loquebantur,</strong></span> <span class='ocrx_word' id='word_1_151' title='bbox 1163 1910 1270 1950; x_wconf 85' lang='lat' dir='ltr'><strong>vocum</strong></span> <span class='ocrx_word' id='word_1_152' title='bbox 1315 1900 1318 1905; x_wconf 86' lang='lat'>&#39;</span> 
     </span>
     <span class='ocr_line' id='line_1_18' title="bbox 91 1982 1328 2073; baseline -0.002 -24"><span class='ocrx_word' id='word_1_153' title='bbox 91 1982 168 2049; x_wconf 69' lang='lat' dir='ltr'><strong>head</strong></span> <span class='ocrx_word' id='word_1_154' title='bbox 182 1997 311 2047; x_wconf 84' lang='lat' dir='ltr'><strong>accurato</strong></span> <span class='ocrx_word' id='word_1_155' title='bbox 325 1987 453 2046; x_wconf 87' lang='lat' dir='ltr'><strong>instituto</strong></span> <span class='ocrx_word' id='word_1_156' title='bbox 466 1986 639 2046; x_wconf 82' lang='lat' dir='ltr'><strong>discrimine.</strong></span> <span class='ocrx_word' id='word_1_157' title='bbox 681 1988 752 2054; x_wconf 75' lang='lat' dir='ltr'><strong>Quae</strong></span> <span class='ocrx_word' id='word_1_158' title='bbox 767 1988 805 2045; x_wconf 90' lang='lat' dir='ltr'><strong>ita</strong></span> <span class='ocrx_word' id='word_1_159' title='bbox 824 1996 891 2045; x_wconf 91' lang='lat' dir='ltr'><strong>sunt</strong></span> <span class='ocrx_word' id='word_1_160' title='bbox 903 1989 1010 2064; x_wconf 90' lang='lat' dir='ltr'><strong>prolata</strong></span> <span class='ocrx_word' id='word_1_161' title='bbox 1022 1989 1173 2066; x_wconf 87' lang='lat' dir='ltr'><strong>benignam</strong></span> <span class='ocrx_word' id='word_1_162' title='bbox 1195 1989 1272 2047; x_wconf 91' lang='lat' dir='ltr'><strong>exci·</strong></span> <span class='ocrx_word' id='word_1_163' title='bbox 1324 2063 1328 2073; x_wconf 35' lang='grc' dir='ltr'><strong><em>Ι</em></strong></span> 
     </span>
     <span class='ocr_line' id='line_1_19' title="bbox 92 2084 1271 2163; baseline -0.001 -19"><span class='ocrx_word' id='word_1_164' title='bbox 92 2084 176 2163; x_wconf 89' lang='lat' dir='ltr'><strong>piunt</strong></span> <span class='ocrx_word' id='word_1_165' title='bbox 200 2085 487 2162; x_wconf 85' lang='lat' dir='ltr'><strong>interpretationem·</strong></span> <span class='ocrx_word' id='word_1_166' title='bbox 511 2085 564 2143; x_wconf 84' lang='lat' dir='ltr'><strong>Sic·</strong></span> <span class='ocrx_word' id='word_1_167' title='bbox 581 2086 755 2161; x_wconf 80' lang='lat' dir='ltr'><strong>Augustinus</strong></span> <span class='ocrx_word' id='word_1_168' title='bbox 776 2085 860 2142; x_wconf 91' lang='lat' dir='ltr'><strong>verba</strong></span> <span class='ocrx_word' id='word_1_169' title='bbox 882 2084 1085 2162; x_wconf 83' lang='lat' dir='ltr'><strong>Chrysostomi</strong></span> <span class='ocrx_word' id='word_1_170' title='bbox 1105 2105 1168 2159; x_wconf 81' lang='lat' dir='ltr'><strong>qne</strong></span> <span class='ocrx_word' id='word_1_171' title='bbox 1190 2086 1271 2145; x_wconf 91' lang='lat' dir='ltr'><strong>Pela-</strong></span> 
     </span>
     <span class='ocr_line' id='line_1_20' title="bbox 89 2181 1274 2261; baseline 0.002 -20"><span class='ocrx_word' id='word_1_172' title='bbox 89 2184 168 2261; x_wconf 83' lang='lat' dir='ltr'><strong>giani</strong></span> <span class='ocrx_word' id='word_1_173' title='bbox 180 2182 358 2258; x_wconf 88' lang='lat' dir='ltr'><strong>objiciebant,</strong></span> <span class='ocrx_word' id='word_1_174' title='bbox 374 2181 460 2239; x_wconf 88' lang='lat' dir='ltr'><strong>veluti</strong></span> <span class='ocrx_word' id='word_1_175' title='bbox 473 2192 589 2256; x_wconf 86' lang='lat' dir='ltr'><strong>peccato</strong></span> <span class='ocrx_word' id='word_1_176' title='bbox 603 2181 719 2257; x_wconf 86' lang='lat' dir='ltr'><strong>originis</strong></span> <span class='ocrx_word' id='word_1_177' title='bbox 729 2181 855 2250; x_wconf 79' lang='lat' dir='ltr'><strong>adversa,</strong></span> <span class='ocrx_word' id='word_1_178' title='bbox 868 2182 1037 2259; x_wconf 87' lang='lat' dir='ltr'><strong>explicanda</strong></span> <span class='ocrx_word' id='word_1_179' title='bbox 1046 2183 1143 2253; x_wconf 83' lang='lat' dir='ltr'><strong>mitius</strong></span> <span class='ocrx_word' id='word_1_180' title='bbox 1159 2193 1274 2243; x_wconf 67' lang='lat' dir='ltr'><strong>conten</strong></span> 
     </span>
     <span class='ocr_line' id='line_1_21' title="bbox 92 2276 1281 2355; baseline 0.001 -20"><span class='ocrx_word' id='word_1_181' title='bbox 92 2277 134 2335; x_wconf 90' lang='lat' dir='ltr'><strong>dit</strong></span> <span class='ocrx_word' id='word_1_182' title='bbox 142 2278 226 2355; x_wconf 76' lang='lat' dir='ltr'><strong>juxta</strong></span> <span class='ocrx_word' id='word_1_183' title='bbox 238 2286 402 2343; x_wconf 77' lang='lat' dir='ltr'><strong>ceterorum</strong></span> <span class='ocrx_word' id='word_1_184' title='bbox 423 2276 538 2335; x_wconf 82' lang='lat' dir='ltr'><strong>Parrum</strong></span> <span class='ocrx_word' id='word_1_185' title='bbox 559 2278 737 2344; x_wconf 89' lang='lat' dir='ltr'><strong>sententiam,</strong></span> <span class='ocrx_word' id='word_1_186' title='bbox 752 2276 863 2335; x_wconf 86' lang='lat' dir='ltr'><strong>locutus</strong></span> <span class='ocrx_word' id='word_1_187' title='bbox 884 2278 990 2354; x_wconf 89' lang='lat' dir='ltr'><strong>quippe</strong></span> <span class='ocrx_word' id='word_1_188' title='bbox 1004 2286 1048 2337; x_wconf 90' lang='lat' dir='ltr'><strong>est</strong></span> <span class='ocrx_word' id='word_1_189' title='bbox 1068 2279 1195 2336; x_wconf 87' lang='lat' dir='ltr'><strong>securius</strong></span> <span class='ocrx_word' id='word_1_190' title='bbox 1217 2276 1281 2354; x_wconf 10' lang='lat' dir='ltr'><strong>(la-y</strong></span> 
     </span>
     <span class='ocr_line' id='line_1_22' title="bbox 92 2371 1293 2452; baseline 0.001 -19"><span class='ocrx_word' id='word_1_191' title='bbox 92 2373 199 2433; x_wconf 86' lang='lat' dir='ltr'><strong>tholice</strong></span> <span class='ocrx_word' id='word_1_192' title='bbox 212 2372 287 2450; x_wconf 89' lang='lat' dir='ltr'><strong>apud</strong></span> <span class='ocrx_word' id='word_1_193' title='bbox 299 2373 474 2431; x_wconf 74' lang='lat' dir='ltr'><strong>catholicos.</strong></span> <span class='ocrx_word' id='word_1_194' title='bbox 497 2372 710 2452; x_wconf 42' lang='lat' dir='ltr'><strong>Occasio&#39;etiam</strong></span> <span class='ocrx_word' id='word_1_195' title='bbox 722 2371 1093 2450; x_wconf 60' lang='lat' dir='ltr'><strong>scopusque&#39;considerandi</strong></span> <span class='ocrx_word' id='word_1_196' title='bbox 1102 2386 1178 2443; x_wconf 88' lang='lat' dir='ltr'><strong>sunt,</strong></span> <span class='ocrx_word' id='word_1_197' title='bbox 1189 2374 1275 2436; x_wconf 76' lang='lat' dir='ltr'><strong>facile</strong></span> <span class='ocrx_word' id='word_1_198' title='bbox 1290 2412 1293 2417; x_wconf 78' lang='lat'><em>,</em></span> 
     </span>
     <span class='ocr_line' id='line_1_23' title="bbox 94 2467 1279 2545; baseline 0.003 -18"><span class='ocrx_word' id='word_1_199' title='bbox 94 2469 172 2527; x_wconf 90' lang='lat' dir='ltr'><strong>enim</strong></span> <span class='ocrx_word' id='word_1_200' title='bbox 186 2468 219 2526; x_wconf 88' lang='lat' dir='ltr'><strong>fit</strong></span> <span class='ocrx_word' id='word_1_201' title='bbox 231 2479 262 2526; x_wconf 89' lang='lat' dir='ltr'><strong>ut</strong></span> <span class='ocrx_word' id='word_1_202' title='bbox 286 2467 487 2545; x_wconf 86' lang='lat' dir='ltr'><strong>impugnando·</strong></span> <span class='ocrx_word' id='word_1_203' title='bbox 496 2486 620 2535; x_wconf 87' lang='lat' dir='ltr'><strong>errorem</strong></span> <span class='ocrx_word' id='word_1_204' title='bbox 641 2469 676 2533; x_wconf 91' lang='lat' dir='ltr'><strong>iis</strong></span> <span class='ocrx_word' id='word_1_205' title='bbox 697 2480 808 2528; x_wconf 88' lang='lat' dir='ltr'><strong>utamur</strong></span> <span class='ocrx_word' id='word_1_206' title='bbox 822 2471 943 2529; x_wconf 88' lang='lat' dir='ltr'><strong>vocibus·</strong></span> <span class='ocrx_word' id='word_1_207' title='bbox 963 2491 1026 2544; x_wconf 86' lang='lat' dir='ltr'><strong>quae</strong></span> <span class='ocrx_word' id='word_1_208' title='bbox 1047 2472 1134 2530; x_wconf 86' lang='lat' dir='ltr'><strong>crmri</strong></span> <span class='ocrx_word' id='word_1_209' title='bbox 1156 2471 1279 2530; x_wconf 77' lang='lat' dir='ltr'><strong>adverso</strong></span> 
     </span>
     <span class='ocr_line' id='line_1_24' title="bbox 95 2565 1280 2644; baseline 0 -19"><span class='ocrx_word' id='word_1_210' title='bbox 95 2565 242 2625; x_wconf 88' lang='lat' dir='ltr'><strong>videantur</strong></span> <span class='ocrx_word' id='word_1_211' title='bbox 255 2565 358 2633; x_wconf 85' lang='lat' dir='ltr'><strong>favere,</strong></span> <span class='ocrx_word' id='word_1_212' title='bbox 374 2567 529 2641; x_wconf 78' lang='lat' dir='ltr'><strong>presertim</strong></span> <span class='ocrx_word' id='word_1_213' title='bbox 543 2565 568 2622; x_wconf 89' lang='lat' dir='ltr'><strong>si</strong></span> <span class='ocrx_word' id='word_1_214' title='bbox 582 2568 702 2641; x_wconf 81' lang='lat' dir='ltr'><strong>scriptor</strong></span> <span class='ocrx_word' id='word_1_215' title='bbox 715 2567 822 2643; x_wconf 89' lang='lat' dir='ltr'><strong>impetu</strong></span> <span class='ocrx_word' id='word_1_216' title='bbox 838 2567 960 2638; x_wconf 88' lang='lat' dir='ltr'><strong>quodam</strong></span> <span class='ocrx_word' id='word_1_217' title='bbox 972 2569 1079 2644; x_wconf 88' lang='lat' dir='ltr'><strong>ingenii</strong></span> <span class='ocrx_word' id='word_1_218' title='bbox 1092 2571 1148 2635; x_wconf 87' lang='lat' dir='ltr'><strong>sui,</strong></span> <span class='ocrx_word' id='word_1_219' title='bbox 1163 2569 1207 2626; x_wconf 87' lang='lat' dir='ltr'><strong>rel</strong></span> <span class='ocrx_word' id='word_1_220' title='bbox 1222 2568 1280 2627; x_wconf 88' lang='lat' dir='ltr'><strong>zeli</strong></span> 
     </span>
     <span class='ocr_line' id='line_1_25' title="bbox 94 2658 1357 2736; baseline -0.002 -14"><span class='ocrx_word' id='word_1_221' title='bbox 94 2664 207 2722; x_wconf 83' lang='lat' dir='ltr'><strong>seratur.</strong></span> <span class='ocrx_word' id='word_1_222' title='bbox 248 2661 298 2718; x_wconf 82' lang='lat' dir='ltr'><strong>Sic</strong></span> <span class='ocrx_word' id='word_1_223' title='bbox 311 2661 428 2736; x_wconf 87' lang='lat' dir='ltr'><strong>contigit</strong></span> <span class='ocrx_word' id='word_1_224' title='bbox 449 2660 629 2735; x_wconf 90' lang='lat' dir='ltr'><strong>Hieronymo</strong></span> <span class='ocrx_word' id='word_1_225' title='bbox 644 2661 810 2736; x_wconf 89' lang='lat' dir='ltr'><strong>virginitatis</strong></span> <span class='ocrx_word' id='word_1_226' title='bbox 831 2658 1020 2736; x_wconf 78' lang='lat' dir='ltr'><strong>praestantiam</strong></span> <span class='ocrx_word' id='word_1_227' title='bbox 1033 2675 1131 2721; x_wconf 89' lang='lat' dir='ltr'><strong>contra</strong></span> <span class='ocrx_word' id='word_1_228' title='bbox 1150 2665 1277 2722; x_wconf 87' lang='lat' dir='ltr'><strong>Jovinia·</strong></span> <span class='ocrx_word' id='word_1_229' title='bbox 1356 2663 1357 2667; x_wconf 67' lang='grc'>’</span> 
     </span>
     <span class='ocr_line' id='line_1_26' title="bbox 96 2757 1280 2837; baseline -0.002 -17"><span class='ocrx_word' id='word_1_230' title='bbox 96 2779 165 2820; x_wconf 90' lang='lat' dir='ltr'><strong>num</strong></span> <span class='ocrx_word' id='word_1_231' title='bbox 180 2757 341 2824; x_wconf 87' lang='lat' dir='ltr'><strong>vindicanti,</strong></span> <span class='ocrx_word' id='word_1_232' title='bbox 350 2759 434 2816; x_wconf 90' lang='lat' dir='ltr'><strong>visus</strong></span> <span class='ocrx_word' id='word_1_233' title='bbox 449 2767 493 2814; x_wconf 91' lang='lat' dir='ltr'><strong>est</strong></span> <span class='ocrx_word' id='word_1_234' title='bbox 505 2757 707 2833; x_wconf 82' lang='lat' dir='ltr'><strong>enimnuptias</strong></span> <span class='ocrx_word' id='word_1_235' title='bbox 722 2759 890 2835; x_wconf 85' lang='lat' dir='ltr'><strong>improbare.</strong></span> <span class='ocrx_word' id='word_1_236' title='bbox 930 2760 979 2817; x_wconf 87' lang='lat' dir='ltr'><strong>Sic</strong></span> <span class='ocrx_word' id='word_1_237' title='bbox 995 2762 1171 2837; x_wconf 82' lang='lat' dir='ltr'><strong>Augustinus</strong></span> <span class='ocrx_word' id='word_1_238' title='bbox 1186 2762 1280 2818; x_wconf 86' lang='lat' dir='ltr'><strong>Mani·</strong></span> 
     </span>
     <span class='ocr_line' id='line_1_27' title="bbox 96 2855 1280 2934; baseline -0.001 -17"><span class='ocrx_word' id='word_1_239' title='bbox 96 2858 184 2917; x_wconf 83' lang='lat' dir='ltr'><strong>chaeis</strong></span> <span class='ocrx_word' id='word_1_240' title='bbox 198 2857 328 2915; x_wconf 81' lang='lat' dir='ltr'><strong>humana</strong></span> <span class='ocrx_word' id='word_1_241' title='bbox 343 2856 492 2914; x_wconf 88' lang='lat' dir='ltr'><strong>voluntatis</strong></span> <span class='ocrx_word' id='word_1_242' title='bbox 507 2855 649 2912; x_wconf 86' lang='lat' dir='ltr'><strong>arbitrium</strong></span> <span class='ocrx_word' id='word_1_243' title='bbox 664 2856 831 2931; x_wconf 83' lang='lat' dir='ltr'><strong>negantibus</strong></span> <span class='ocrx_word' id='word_1_244' title='bbox 845 2856 1032 2932; x_wconf 84' lang='lat' dir='ltr'><strong>respondens,</strong></span> <span class='ocrx_word' id='word_1_245' title='bbox 1049 2859 1110 2934; x_wconf 90' lang='lat' dir='ltr'><strong>ejus</strong></span> <span class='ocrx_word' id='word_1_246' title='bbox 1126 2859 1280 2917; x_wconf 83' lang='lat' dir='ltr'><strong>virescnm</strong></span> 
     </span>
     <span class='ocr_line' id='line_1_28' title="bbox 97 2951 1280 3035; baseline 0 -21"><span class='ocrx_word' id='word_1_247' title='bbox 97 2952 357 3034; x_wconf 72' lang='lat' dir='ltr'><strong>gratiedispendio</strong></span> <span class='ocrx_word' id='word_1_248' title='bbox 372 2951 482 3019; x_wconf 87' lang='lat' dir='ltr'><strong>efferre,</strong></span> <span class='ocrx_word' id='word_1_249' title='bbox 498 2970 568 3024; x_wconf 85' lang='lat' dir='ltr'><strong>quas</strong></span> <span class='ocrx_word' id='word_1_250' title='bbox 583 2963 677 3010; x_wconf 70' lang='lat' dir='ltr'><strong>nmen</strong></span> <span class='ocrx_word' id='word_1_251' title='bbox 700 2953 869 3035; x_wconf 72' lang='lat' dir='ltr'><strong>Pelagianos</strong></span> <span class='ocrx_word' id='word_1_252' title='bbox 884 2954 1024 3022; x_wconf 88' lang='lat' dir='ltr'><strong>refellens,</strong></span> <span class='ocrx_word' id='word_1_253' title='bbox 1049 2956 1161 3031; x_wconf 88' lang='lat' dir='ltr'><strong>penitus</strong></span> <span class='ocrx_word' id='word_1_254' title='bbox 1175 2974 1280 3032; x_wconf 83' lang='lat' dir='ltr'><strong>negare</strong></span> 
     </span>
     <span class='ocr_line' id='line_1_29' title="bbox 99 3035 1282 3127; baseline 0 -16"><span class='ocrx_word' id='word_1_255' title='bbox 99 3054 194 3111; x_wconf 89' lang='lat' dir='ltr'><strong>videre</strong></span> <span class='ocrx_word' id='word_1_256' title='bbox 218 3035 318 3127; x_wconf 82' lang='lat' dir='ltr'><strong>possit.</strong></span> <span class='ocrx_word' id='word_1_257' title='bbox 360 3050 409 3107; x_wconf 88' lang='lat' dir='ltr'><strong>Sic</strong></span> <span class='ocrx_word' id='word_1_258' title='bbox 430 3049 557 3124; x_wconf 85' lang='lat' dir='ltr'><strong>Cyrillus</strong></span> <span class='ocrx_word' id='word_1_259' title='bbox 573 3050 737 3108; x_wconf 82' lang='lat' dir='ltr'><strong>Nestorium</strong></span> <span class='ocrx_word' id='word_1_260' title='bbox 758 3051 928 3126; x_wconf 87' lang='lat' dir='ltr'><strong>impugnans</strong></span> <span class='ocrx_word' id='word_1_261' title='bbox 942 3065 1103 3110; x_wconf 86' lang='lat' dir='ltr'><strong>naturarum</strong></span> <span class='ocrx_word' id='word_1_262' title='bbox 1118 3055 1146 3110; x_wconf 86' lang='lat' dir='ltr'><strong>in</strong></span> <span class='ocrx_word' id='word_1_263' title='bbox 1163 3053 1282 3112; x_wconf 77' lang='lat' dir='ltr'><strong>Christo</strong></span> 
     </span>
     <span class='ocr_line' id='line_1_30' title="bbox 96 3145 1055 3222; baseline -0.006 -15"><span class='ocrx_word' id='word_1_264' title='bbox 96 3148 307 3221; x_wconf 89' lang='lat' dir='ltr'><strong>distinctionem</strong></span> <span class='ocrx_word' id='word_1_265' title='bbox 320 3145 396 3203; x_wconf 92' lang='lat' dir='ltr'><strong>haud</strong></span> <span class='ocrx_word' id='word_1_266' title='bbox 410 3164 566 3222; x_wconf 84' lang='lat' dir='ltr'><strong>agnoscere</strong></span> <span class='ocrx_word' id='word_1_267' title='bbox 591 3147 765 3222; x_wconf 67' lang='lat' dir='ltr'><strong>arguebatur,</strong></span> <span class='ocrx_word' id='word_1_268' title='bbox 1051 3154 1055 3160; x_wconf 79' lang='grc'><strong><em>’</em></strong></span> 
     </span>
    </p>

    <p class='ocr_par' dir='ltr' id='par_1_4' title="bbox 100 3240 1285 3900">
     <span class='ocr_line' id='line_1_31' title="bbox 138 3240 1283 3320; baseline 0.002 -18"><span class='ocrx_word' id='word_1_269' title='bbox 138 3245 205 3303; x_wconf 90' lang='lat' dir='ltr'><strong>Vll.</strong></span> <span class='ocrx_word' id='word_1_270' title='bbox 230 3243 410 3317; x_wconf 83' lang='lat' dir='ltr'><strong>AEquissima</strong></span> <span class='ocrx_word' id='word_1_271' title='bbox 429 3243 499 3300; x_wconf 89' lang='lat' dir='ltr'><strong>ratio</strong></span> <span class='ocrx_word' id='word_1_272' title='bbox 527 3251 572 3299; x_wconf 86' lang='lat' dir='ltr'><strong>est</strong></span> <span class='ocrx_word' id='word_1_273' title='bbox 585 3240 701 3300; x_wconf 78' lang='lat' dir='ltr'><strong>Patriam</strong></span> <span class='ocrx_word' id='word_1_274' title='bbox 721 3244 920 3319; x_wconf 86' lang='lat' dir='ltr'><strong>interpretandi</strong></span> <span class='ocrx_word' id='word_1_275' title='bbox 941 3246 1054 3320; x_wconf 88' lang='lat' dir='ltr'><strong>scripta,</strong></span> <span class='ocrx_word' id='word_1_276' title='bbox 1075 3254 1106 3302; x_wconf 90' lang='lat' dir='ltr'><strong>ut</strong></span> <span class='ocrx_word' id='word_1_277' title='bbox 1126 3247 1219 3304; x_wconf 90' lang='lat' dir='ltr'><strong>nullus</strong></span> <span class='ocrx_word' id='word_1_278' title='bbox 1240 3248 1283 3304; x_wconf 87' lang='lat' dir='ltr'><strong>eis</strong></span> 
     </span>
     <span class='ocr_line' id='line_1_32' title="bbox 100 3338 1283 3417; baseline 0 -18"><span class='ocrx_word' id='word_1_279' title='bbox 100 3342 253 3417; x_wconf 87' lang='lat' dir='ltr'><strong>imputetur</strong></span> <span class='ocrx_word' id='word_1_280' title='bbox 273 3358 349 3397; x_wconf 89' lang='lat' dir='ltr'><strong>error</strong></span> <span class='ocrx_word' id='word_1_281' title='bbox 369 3348 466 3416; x_wconf 79' lang='lat' dir='ltr'><strong>eontra</strong></span> <span class='ocrx_word' id='word_1_282' title='bbox 488 3338 665 3401; x_wconf 87' lang='lat' dir='ltr'><strong>notissimam</strong></span> <span class='ocrx_word' id='word_1_283' title='bbox 686 3356 737 3395; x_wconf 87' lang='lat' dir='ltr'><strong>suo</strong></span> <span class='ocrx_word' id='word_1_284' title='bbox 759 3347 884 3414; x_wconf 88' lang='lat' dir='ltr'><strong>tempore</strong></span> <span class='ocrx_word' id='word_1_285' title='bbox 909 3339 1048 3398; x_wconf 74' lang='lat' dir='ltr'><strong>Ecclesiae</strong></span> <span class='ocrx_word' id='word_1_286' title='bbox 1070 3340 1236 3408; x_wconf 85' lang='lat' dir='ltr'><strong>doctrinam,</strong></span> <span class='ocrx_word' id='word_1_287' title='bbox 1258 3344 1283 3399; x_wconf 89' lang='lat' dir='ltr'><strong>si</strong></span> 
     </span>
     <span class='ocr_line' id='line_1_33' title="bbox 103 3434 1285 3513; baseline 0 -16"><span class='ocrx_word' id='word_1_288' title='bbox 103 3437 175 3497; x_wconf 90' lang='lat' dir='ltr'><strong>nihil</strong></span> <span class='ocrx_word' id='word_1_289' title='bbox 195 3435 359 3513; x_wconf 88' lang='lat' dir='ltr'><strong>hujusmodi</strong></span> <span class='ocrx_word' id='word_1_290' title='bbox 378 3435 419 3492; x_wconf 88' lang='lat' dir='ltr'><strong>eis</strong></span> <span class='ocrx_word' id='word_1_291' title='bbox 439 3435 581 3510; x_wconf 84' lang='lat' dir='ltr'><strong>objectum</strong></span> <span class='ocrx_word' id='word_1_292' title='bbox 602 3434 691 3491; x_wconf 89' lang='lat' dir='ltr'><strong>editis·</strong></span> <span class='ocrx_word' id='word_1_293' title='bbox 705 3435 816 3510; x_wconf 87' lang='lat' dir='ltr'><strong>scriptis</strong></span> <span class='ocrx_word' id='word_1_294' title='bbox 837 3445 955 3493; x_wconf 89' lang='lat' dir='ltr'><strong>constet.</strong></span> <span class='ocrx_word' id='word_1_295' title='bbox 977 3488 979 3494; x_wconf 87' lang='lat'><strong>.</strong></span> <span class='ocrx_word' id='word_1_296' title='bbox 998 3437 1081 3513; x_wconf 81' lang='lat' dir='ltr'><strong>Ratio</strong></span> <span class='ocrx_word' id='word_1_297' title='bbox 1094 3437 1192 3510; x_wconf 89' lang='lat' dir='ltr'><strong>liquet,</strong></span> <span class='ocrx_word' id='word_1_298' title='bbox 1208 3456 1285 3497; x_wconf 88' lang='lat' dir='ltr'><strong>error</strong></span> 
     </span>
     <span class='ocr_line' id='line_1_34' title="bbox 100 3529 1284 3613; baseline 0.001 -20"><span class='ocrx_word' id='word_1_299' title='bbox 100 3535 178 3593; x_wconf 87' lang='lat' dir='ltr'><strong>enim</strong></span> <span class='ocrx_word' id='word_1_300' title='bbox 189 3531 355 3609; x_wconf 85' lang='lat' dir='ltr'><strong>hujusmodi</strong></span> <span class='ocrx_word' id='word_1_301' title='bbox 367 3531 437 3588; x_wconf 89' lang='lat' dir='ltr'><strong>alios</strong></span> <span class='ocrx_word' id='word_1_302' title='bbox 450 3529 524 3589; x_wconf 91' lang='lat' dir='ltr'><strong>haud</strong></span> <span class='ocrx_word' id='word_1_303' title='bbox 535 3530 671 3596; x_wconf 84' lang='lat' dir='ltr'><strong>latuisset.</strong></span> <span class='ocrx_word' id='word_1_304' title='bbox 684 3529 805 3603; x_wconf 89' lang='lat' dir='ltr'><strong>ideoque</strong></span> <span class='ocrx_word' id='word_1_305' title='bbox 819 3532 994 3591; x_wconf 86' lang='lat' dir='ltr'><strong>adversarios</strong></span> <span class='ocrx_word' id='word_1_306' title='bbox 1006 3536 1170 3613; x_wconf 83' lang='lat' dir='ltr'><strong>excitasset:</strong></span> <span class='ocrx_word' id='word_1_307' title='bbox 1187 3546 1284 3594; x_wconf 88' lang='lat' dir='ltr'><strong>notum</strong></span> 
     </span>
     <span class='ocr_line' id='line_1_35' title="bbox 102 3627 1284 3707; baseline 0.001 -18"><span class='ocrx_word' id='word_1_308' title='bbox 102 3641 146 3690; x_wconf 91' lang='lat' dir='ltr'><strong>est</strong></span> <span class='ocrx_word' id='word_1_309' title='bbox 159 3631 235 3688; x_wconf 88' lang='lat' dir='ltr'><strong>enirn</strong></span> <span class='ocrx_word' id='word_1_310' title='bbox 250 3648 335 3703; x_wconf 88' lang='lat' dir='ltr'><strong>quam</strong></span> <span class='ocrx_word' id='word_1_311' title='bbox 349 3628 448 3685; x_wconf 87' lang='lat' dir='ltr'><strong>acriter</strong></span> <span class='ocrx_word' id='word_1_312' title='bbox 458 3627 622 3703; x_wconf 89' lang='lat' dir='ltr'><strong>plerumque</strong></span> <span class='ocrx_word' id='word_1_313' title='bbox 635 3629 665 3685; x_wconf 90' lang='lat' dir='ltr'><strong>in</strong></span> <span class='ocrx_word' id='word_1_314' title='bbox 675 3639 937 3695; x_wconf 84' lang='lat' dir='ltr'><strong>errorumauctores</strong></span> <span class='ocrx_word' id='word_1_315' title='bbox 949 3630 1151 3698; x_wconf 87' lang='lat' dir='ltr'><strong>insurrexerint</strong></span> <span class='ocrx_word' id='word_1_316' title='bbox 1163 3634 1284 3707; x_wconf 78' lang='lat' dir='ltr'><strong>antiquae</strong></span> 
     </span>
     <span class='ocr_line' id='line_1_36' title="bbox 102 3723 1284 3805; baseline 0 -20"><span class='ocrx_word' id='word_1_317' title='bbox 102 3727 172 3787; x_wconf 90' lang='lat' dir='ltr'><strong>fidei</strong></span> <span class='ocrx_word' id='word_1_318' title='bbox 183 3724 319 3793; x_wconf 86' lang='lat' dir='ltr'><strong>vindices.</strong></span> <span class='ocrx_word' id='word_1_319' title='bbox 343 3765 346 3774; x_wconf 78' lang='grc'><em>.</em></span> <span class='ocrx_word' id='word_1_320' title='bbox 361 3724 456 3782; x_wconf 89' lang='lat' dir='ltr'><strong>Voces</strong></span> <span class='ocrx_word' id='word_1_321' title='bbox 470 3723 554 3799; x_wconf 88' lang='lat' dir='ltr'><strong>igitur</strong></span> <span class='ocrx_word' id='word_1_322' title='bbox 567 3742 630 3796; x_wconf 83' lang='lat' dir='ltr'><strong>quae</strong></span> <span class='ocrx_word' id='word_1_323' title='bbox 644 3742 766 3781; x_wconf 86' lang='lat' dir='ltr'><strong>errorem</strong></span> <span class='ocrx_word' id='word_1_324' title='bbox 776 3725 917 3783; x_wconf 90' lang='lat' dir='ltr'><strong>insinuare</strong></span> <span class='ocrx_word' id='word_1_325' title='bbox 932 3725 1070 3792; x_wconf 89' lang='lat' dir='ltr'><strong>videntur,</strong></span> <span class='ocrx_word' id='word_1_326' title='bbox 1083 3735 1149 3783; x_wconf 88' lang='lat' dir='ltr'><strong>sunt</strong></span> <span class='ocrx_word' id='word_1_327' title='bbox 1162 3728 1284 3805; x_wconf 90' lang='lat' dir='ltr'><strong>benigne</strong></span> 
     </span>
     <span class='ocr_line' id='line_1_37' title="bbox 104 3806 1285 3900; baseline 0.001 -19"><span class='ocrx_word' id='word_1_328' title='bbox 104 3822 290 3900; x_wconf 73' lang='lat' dir='ltr'><strong>explicanda.</strong></span> <span class='ocrx_word' id='word_1_329' title='bbox 332 3821 381 3878; x_wconf 86' lang='lat' dir='ltr'><strong>Sic</strong></span> <span class='ocrx_word' id='word_1_330' title='bbox 395 3839 458 3893; x_wconf 82' lang='lat' dir='ltr'><strong>quae</strong></span> <span class='ocrx_word' id='word_1_331' title='bbox 473 3820 504 3876; x_wconf 80' lang='lat' dir='ltr'><strong>S.</strong></span> <span class='ocrx_word' id='word_1_332' title='bbox 520 3819 715 3895; x_wconf 89' lang='lat' dir='ltr'><strong>Hieronymus</strong></span> <span class='ocrx_word' id='word_1_333' title='bbox 730 3820 765 3877; x_wconf 92' lang='lat' dir='ltr'><strong>de</strong></span> <span class='ocrx_word' id='word_1_334' title='bbox 783 3822 1016 3898; x_wconf 87' lang='lat' dir='ltr'><strong>Presbyterorurn</strong></span> <span class='ocrx_word' id='word_1_335' title='bbox 1031 3806 1059 3883; x_wconf 76' lang='lat' dir='ltr'><strong>et</strong></span> <span class='ocrx_word' id='word_1_336' title='bbox 1073 3823 1285 3900; x_wconf 86' lang='lat' dir='ltr'><strong>Episcoporum</strong></span> 
     </span>
    </p>
   </div>
   <div class='ocr_carea' id='block_1_3' title="bbox 103 3973 1288 4648">
    <p class='ocr_par' dir='ltr' id='par_1_5' title="bbox 103 3973 1288 4389">
     <span class='ocr_line' id='line_1_38' title="bbox 103 3973 1282 4050; baseline 0 -13"><span class='ocrx_word' id='word_1_337' title='bbox 103 3986 198 4038; x_wconf 88' lang='lat' dir='ltr'><strong>tracion</strong></span> <span class='ocrx_word' id='word_1_338' title='bbox 209 3973 239 4035; x_wconf 86' lang='lat' dir='ltr'><strong>de</strong></span> <span class='ocrx_word' id='word_1_339' title='bbox 250 4002 280 4036; x_wconf 90' lang='lat' dir='ltr'><strong>sn</strong></span> <span class='ocrx_word' id='word_1_340' title='bbox 291 3984 397 4050; x_wconf 82' lang='lat' dir='ltr'><strong>ingenio,</strong></span> <span class='ocrx_word' id='word_1_341' title='bbox 409 3983 433 4032; x_wconf 86' lang='lat' dir='ltr'><strong>la</strong></span> <span class='ocrx_word' id='word_1_342' title='bbox 443 3981 566 4031; x_wconf 85' lang='lat' dir='ltr'><strong>elevacion</strong></span> <span class='ocrx_word' id='word_1_343' title='bbox 579 3981 609 4030; x_wconf 90' lang='lat' dir='ltr'><strong>de</strong></span> <span class='ocrx_word' id='word_1_344' title='bbox 620 3998 663 4030; x_wconf 88' lang='lat' dir='ltr'><strong>sus</strong></span> <span class='ocrx_word' id='word_1_345' title='bbox 673 3982 859 4046; x_wconf 76' lang='lat' dir='ltr'><strong>persentientes,</strong></span> <span class='ocrx_word' id='word_1_346' title='bbox 870 3983 894 4033; x_wconf 88' lang='lat' dir='ltr'><strong>la</strong></span> <span class='ocrx_word' id='word_1_347' title='bbox 906 3985 988 4034; x_wconf 78' lang='lat' dir='ltr'><strong>hieria</strong></span> <span class='ocrx_word' id='word_1_348' title='bbox 997 3986 1027 4034; x_wconf 87' lang='lat' dir='ltr'><strong>de</strong></span> <span class='ocrx_word' id='word_1_349' title='bbox 1037 4002 1079 4034; x_wconf 91' lang='lat' dir='ltr'><strong>sus</strong></span> <span class='ocrx_word' id='word_1_350' title='bbox 1090 3987 1244 4046; x_wconf 84' lang='lat' dir='ltr'><strong>raciociriiso,</strong></span> <span class='ocrx_word' id='word_1_351' title='bbox 1257 3987 1282 4037; x_wconf 93' lang='lat' dir='ltr'><strong>la</strong></span> 
     </span>
     <span class='ocr_line' id='line_1_39' title="bbox 104 4057 1287 4141; baseline 0 -20"><span class='ocrx_word' id='word_1_352' title='bbox 104 4064 250 4123; x_wconf 81' lang='lat' dir='ltr'><strong>hermosura</strong></span> <span class='ocrx_word' id='word_1_353' title='bbox 260 4085 278 4134; x_wconf 85' lang='lat' dir='ltr'><strong>y</strong></span> <span class='ocrx_word' id='word_1_354' title='bbox 289 4070 388 4134; x_wconf 84' lang='lat' dir='ltr'><strong>energia</strong></span> <span class='ocrx_word' id='word_1_355' title='bbox 400 4068 430 4116; x_wconf 90' lang='lat' dir='ltr'><strong>de</strong></span> <span class='ocrx_word' id='word_1_356' title='bbox 441 4084 483 4117; x_wconf 90' lang='lat' dir='ltr'><strong>sus</strong></span> <span class='ocrx_word' id='word_1_357' title='bbox 493 4065 656 4129; x_wconf 87' lang='lat' dir='ltr'><strong>expresiones,</strong></span> <span class='ocrx_word' id='word_1_358' title='bbox 663 4058 684 4130; x_wconf 76' lang='lat' dir='ltr'><strong>&#39;y</strong></span> <span class='ocrx_word' id='word_1_359' title='bbox 695 4067 766 4116; x_wconf 87' lang='lat' dir='ltr'><strong>hasta</strong></span> <span class='ocrx_word' id='word_1_360' title='bbox 776 4068 801 4117; x_wconf 88' lang='lat' dir='ltr'><strong>la</strong></span> <span class='ocrx_word' id='word_1_361' title='bbox 812 4057 897 4133; x_wconf 85' lang='lat' dir='ltr'><strong>gracia</strong></span> <span class='ocrx_word' id='word_1_362' title='bbox 907 4086 924 4133; x_wconf 87' lang='lat' dir='ltr'><strong>y</strong></span> <span class='ocrx_word' id='word_1_363' title='bbox 935 4068 958 4118; x_wconf 89' lang='lat' dir='ltr'><strong>la</strong></span> <span class='ocrx_word' id='word_1_364' title='bbox 966 4068 1104 4120; x_wconf 85' lang='lat' dir='ltr'><strong>delicadeza</strong></span> <span class='ocrx_word' id='word_1_365' title='bbox 1115 4071 1145 4121; x_wconf 93' lang='lat' dir='ltr'><strong>de</strong></span> <span class='ocrx_word' id='word_1_366' title='bbox 1157 4088 1198 4120; x_wconf 88' lang='lat' dir='ltr'><strong>sus</strong></span> <span class='ocrx_word' id='word_1_367' title='bbox 1208 4071 1287 4141; x_wconf 77' lang='lat' dir='ltr'><strong>frares</strong></span> 
     </span>
     <span class='ocr_line' id='line_1_40' title="bbox 103 4149 1288 4220; baseline -0.002 -13"><span class='ocrx_word' id='word_1_368' title='bbox 103 4157 251 4220; x_wconf 76' lang='lat' dir='ltr'><strong>eloquentes,</strong></span> <span class='ocrx_word' id='word_1_369' title='bbox 262 4154 403 4220; x_wconf 86' lang='lat' dir='ltr'><strong>ingeniosas</strong></span> <span class='ocrx_word' id='word_1_370' title='bbox 413 4150 560 4218; x_wconf 82' lang='lat' dir='ltr'><strong>dpatetices.</strong></span> <span class='ocrx_word' id='word_1_371' title='bbox 592 4149 632 4199; x_wconf 91' lang='lat' dir='ltr'><strong>No</strong></span> <span class='ocrx_word' id='word_1_372' title='bbox 648 4166 707 4200; x_wconf 89' lang='lat' dir='ltr'><strong>eran</strong></span> <span class='ocrx_word' id='word_1_373' title='bbox 718 4153 875 4202; x_wconf 87' lang='lat' dir='ltr'><strong>ciertamente</strong></span> <span class='ocrx_word' id='word_1_374' title='bbox 893 4153 920 4202; x_wconf 88' lang='lat' dir='ltr'><strong>ni</strong></span> <span class='ocrx_word' id='word_1_375' title='bbox 937 4154 1050 4217; x_wconf 84' lang='lat' dir='ltr'><strong>sspiritus</strong></span> <span class='ocrx_word' id='word_1_376' title='bbox 1062 4156 1240 4219; x_wconf 89' lang='lat' dir='ltr'><strong>supcrticiosos,</strong></span> <span class='ocrx_word' id='word_1_377' title='bbox 1261 4156 1288 4205; x_wconf 86' lang='lat' dir='ltr'><strong>ni</strong></span> 
     </span>
     <span class='ocr_line' id='line_1_41' title="bbox 104 4234 1287 4301; baseline -0.003 -10"><span class='ocrx_word' id='word_1_378' title='bbox 104 4240 210 4291; x_wconf 88' lang='lat' dir='ltr'><strong>talentos</strong></span> <span class='ocrx_word' id='word_1_379' title='bbox 219 4236 325 4298; x_wconf 75' lang='lat' dir='ltr'><strong>ffivolos,</strong></span> <span class='ocrx_word' id='word_1_380' title='bbox 335 4238 362 4287; x_wconf 92' lang='lat' dir='ltr'><strong>ni</strong></span> <span class='ocrx_word' id='word_1_381' title='bbox 371 4236 483 4301; x_wconf 82' lang='lat' dir='ltr'><strong>ingenius</strong></span> <span class='ocrx_word' id='word_1_382' title='bbox 493 4234 638 4285; x_wconf 80' lang='lat' dir='ltr'><strong>limitadose</strong></span> <span class='ocrx_word' id='word_1_383' title='bbox 645 4235 745 4298; x_wconf 89' lang='lat' dir='ltr'><strong>quienes</strong></span> <span class='ocrx_word' id='word_1_384' title='bbox 753 4252 795 4284; x_wconf 86' lang='lat' dir='ltr'><strong>era</strong></span> <span class='ocrx_word' id='word_1_385' title='bbox 806 4237 862 4285; x_wconf 82' lang='lat' dir='ltr'><strong>facil</strong></span> <span class='ocrx_word' id='word_1_386' title='bbox 873 4236 1061 4287; x_wconf 87' lang='lat' dir='ltr'><strong>deslumbrerlns</strong></span> <span class='ocrx_word' id='word_1_387' title='bbox 1075 4238 1206 4288; x_wconf 76' lang='lat' dir='ltr'><strong>omccrles</strong></span> <span class='ocrx_word' id='word_1_388' title='bbox 1213 4255 1287 4288; x_wconf 66' lang='lat' dir='ltr'><strong>‚creor</strong></span> 
     </span>
     <span class='ocr_line' id='line_1_42' title="bbox 104 4312 953 4389; baseline -0.007 -15"><span class='ocrx_word' id='word_1_389' title='bbox 104 4323 248 4389; x_wconf 85' lang='lat' dir='ltr'><strong>qualquiere</strong></span> <span class='ocrx_word' id='word_1_390' title='bbox 258 4323 353 4372; x_wconf 53' lang='lat' dir='ltr'><strong>cosess&#39;,</strong></span> <span class='ocrx_word' id='word_1_391' title='bbox 372 4321 405 4370; x_wconf 88' lang='lat' dir='ltr'><strong>El</strong></span> <span class='ocrx_word' id='word_1_392' title='bbox 415 4312 552 4387; x_wconf 78' lang='lat' dir='ltr'><strong>Evangelio</strong></span> <span class='ocrx_word' id='word_1_393' title='bbox 562 4334 594 4368; x_wconf 86' lang='lat' dir='ltr'><strong>en</strong></span> <span class='ocrx_word' id='word_1_394' title='bbox 606 4316 697 4380; x_wconf 80' lang='lat' dir='ltr'><strong>triunld</strong></span> <span class='ocrx_word' id='word_1_395' title='bbox 704 4326 731 4370; x_wconf 44' lang='lat' dir='ltr'><strong>,t</strong></span> <span class='ocrx_word' id='word_1_396' title='bbox 743 4320 768 4368; x_wconf 86' lang='lat' dir='ltr'><strong>ii.</strong></span> <span class='ocrx_word' id='word_1_397' title='bbox 780 4336 802 4369; x_wconf 92' lang='lat' dir='ltr'><strong>c.</strong></span> <span class='ocrx_word' id='word_1_398' title='bbox 812 4315 864 4371; x_wconf 83' lang='lat' dir='ltr'><strong>xiii.</strong></span> <span class='ocrx_word' id='word_1_399' title='bbox 879 4336 901 4384; x_wconf 91' lang='lat' dir='ltr'><strong>p.</strong></span> <span class='ocrx_word' id='word_1_400' title='bbox 915 4320 953 4369; x_wconf 80' lang='lat'><strong>69.</strong></span> 
     </span>
    </p>

    <p class='ocr_par' dir='ltr' id='par_1_6' title="bbox 139 4403 1061 4475">
     <span class='ocr_line' id='line_1_43' title="bbox 139 4403 1061 4475; baseline -0.008 -16"><span class='ocrx_word' id='word_1_401' title='bbox 139 4407 180 4475; x_wconf 92' lang='lat'><strong>(1)</strong></span> <span class='ocrx_word' id='word_1_402' title='bbox 193 4405 234 4457; x_wconf 88' lang='lat' dir='ltr'><strong>Ita</strong></span> <span class='ocrx_word' id='word_1_403' title='bbox 244 4404 338 4455; x_wconf 85' lang='lat' dir='ltr'><strong>Veneta</strong></span> <span class='ocrx_word' id='word_1_404' title='bbox 348 4405 429 4455; x_wconf 86' lang='lat' dir='ltr'><strong>editio.</strong></span> <span class='ocrx_word' id='word_1_405' title='bbox 461 4405 565 4455; x_wconf 88' lang='lat' dir='ltr'><strong>Citatur:</strong></span> <span class='ocrx_word' id='word_1_406' title='bbox 576 4403 712 4463; x_wconf 83' lang='lat' dir='ltr'><strong>uelut,aP.</strong></span> <span class='ocrx_word' id='word_1_407' title='bbox 723 4403 820 4453; x_wconf 85' lang='lat' dir='ltr'><strong>Thema</strong></span> <span class='ocrx_word' id='word_1_408' title='bbox 828 4403 857 4452; x_wconf 93' lang='lat' dir='ltr'><strong>de</strong></span> <span class='ocrx_word' id='word_1_409' title='bbox 867 4404 998 4453; x_wconf 86' lang='lat' dir='ltr'><strong>Charmes.</strong></span> <span class='ocrx_word' id='word_1_410' title='bbox 1058 4404 1061 4417; x_wconf 91' lang='lat'>&#39;</span> 
     </span>
    </p>

    <p class='ocr_par' dir='ltr' id='par_1_7' title="bbox 137 4488 733 4556">
     <span class='ocr_line' id='line_1_44' title="bbox 137 4488 733 4556; baseline -0.01 -15"><span class='ocrx_word' id='word_1_411' title='bbox 137 4492 174 4556; x_wconf 74' lang='lat'><strong>(2)</strong></span> <span class='ocrx_word' id='word_1_412' title='bbox 191 4490 237 4555; x_wconf 74' lang='lat' dir='ltr'><strong>Dp</strong></span> <span class='ocrx_word' id='word_1_413' title='bbox 248 4489 280 4540; x_wconf 88' lang='lat' dir='ltr'><strong>ed</strong></span> <span class='ocrx_word' id='word_1_414' title='bbox 290 4488 493 4539; x_wconf 85' lang='lat' dir='ltr'><strong>Fortunatianum</strong></span> <span class='ocrx_word' id='word_1_415' title='bbox 505 4506 528 4539; x_wconf 90' lang='lat' dir='ltr'><strong>n.</strong></span> <span class='ocrx_word' id='word_1_416' title='bbox 541 4489 594 4549; x_wconf 83' lang='lat'><strong>148,</strong></span> <span class='ocrx_word' id='word_1_417' title='bbox 606 4489 667 4539; x_wconf 85' lang='lat' dir='ltr'><strong>alies</strong></span> <span class='ocrx_word' id='word_1_418' title='bbox 679 4488 733 4537; x_wconf 88' lang='lat'><strong>111.</strong></span> 
     </span>
    </p>

    <p class='ocr_par' dir='ltr' id='par_1_8' title="bbox 140 4571 734 4648">
     <span class='ocr_line' id='line_1_45' title="bbox 140 4571 734 4648; baseline -0.015 -21"><span class='ocrx_word' id='word_1_419' title='bbox 140 4577 177 4642; x_wconf 82' lang='lat'><strong>(³)</strong></span> <span class='ocrx_word' id='word_1_420' title='bbox 194 4576 264 4626; x_wconf 84' lang='lat' dir='ltr'><strong>Sum.</strong></span> <span class='ocrx_word' id='word_1_421' title='bbox 275 4575 291 4624; x_wconf 89' lang='lat' dir='ltr'><strong>i.</strong></span> <span class='ocrx_word' id='word_1_422' title='bbox 302 4590 325 4648; x_wconf 86' lang='lat' dir='ltr'><strong>p.</strong></span> <span class='ocrx_word' id='word_1_423' title='bbox 335 4589 357 4637; x_wconf 91' lang='lat' dir='ltr'><strong>q.</strong></span> <span class='ocrx_word' id='word_1_424' title='bbox 368 4573 384 4623; x_wconf 90' lang='lat' dir='ltr'><strong>i.</strong></span> <span class='ocrx_word' id='word_1_425' title='bbox 396 4575 449 4623; x_wconf 90' lang='lat' dir='ltr'><strong>Art.</strong></span> <span class='ocrx_word' id='word_1_426' title='bbox 460 4574 509 4623; x_wconf 89' lang='lat' dir='ltr'><strong>viii.</strong></span> <span class='ocrx_word' id='word_1_427' title='bbox 538 4573 576 4623; x_wconf 91' lang='lat' dir='ltr'><strong>Ad</strong></span> <span class='ocrx_word' id='word_1_428' title='bbox 586 4571 734 4622; x_wconf 81' lang='lat' dir='ltr'><strong>Secundum.</strong></span> 
     </span>
    </p>
   </div>
   <div class='ocr_carea' id='block_1_4' title="bbox 0 0 1394 5032">
    <p class='ocr_par' dir='ltr' id='par_1_9' title="bbox 0 0 1394 5032">
     <span class='ocr_line' id='line_1_46' title="bbox 0 0 1394 5032; baseline 0 0"><span class='ocrx_word' id='word_1_429' title='bbox 0 0 1394 5032; x_wconf 95' lang='lat' dir='ltr'><strong> </strong></span> 
     </span>
    </p>
   </div>
  </div>
 </body>
</html>
