2738 5032
107 256 168 317 870
419 252 476 315 DE
497 253 723 315 'l'RlBUNALl
743 253 986 315 DOCTRINAE.

109 410 228 490 Spiritui
237 412 377 471 Sanctoet
386 412 511 477 Nobis.”
533 412 680 487 Quidquid
688 411 768 472 sitde
776 414 901 491 partibus
909 430 981 487 quas
988 408 1092 489 singuli
1101 408 1172 469 ineo
1181 406 1305 467 decrem

109 508 258 567 condendo
271 508 438 575 babnemnt,
453 511 542 583 liquet
555 511 613 568 vim
627 510 817 568 inviolabilem
832 511 860 567 ei
880 510 985 575 inesse,
1005 518 1102 583 utpote
1117 504 1233 583 judicio
1254 523 1305 563 sn·

52 680 56 687 ,
109 624 208 683 premo
221 606 252 663 in
265 605 332 664 fidei
346 625 443 674 eausa,
458 608 566 684 Spiritu
588 608 692 666 Sancto
712 606 833 665 afflante.
874 605 944 664 lude
965 604 1112 663 interimus
1134 612 1305 661 controver-

108 699 167 757 sias
181 718 245 773 quae
258 700 294 759 de
315 701 441 761 doenina
461 704 588 761 oriuntur
607 701 719 760 deliniri
740 720 825 778 posse
845 719 979 778 supremo
995 698 1115 777 judicio,
1130 696 1211 771 quod
1231 707 1305 755 tunc

108 794 208 855 saltem
223 798 288 856 ferri
303 810 388 875 patet,
403 798 516 873 quando
530 799 741 875 Episcoporum
755 799 906 877 collegium
921 797 1067 862 adunabat,
1082 795 1161 854 Petri
1183 809 1304 853 succes-

107 912 173 953 sore
193 896 246 963 eis,
258 915 364 973 perse,
379 898 426 955 vel
439 917 489 974 per
508 898 625 974 legatos,
641 896 819 973 presidente,
840 908 870 955 et
890 915 1018 955 normam
1038 893 1160 952 dictante
1181 891 1302 970 judicii,

106 993 216 1051 ceteris
230 995 456 1061 assentientibus,
471 994 514 1051 vel
530 1013 593 1067 qum
607 995 716 1051 caeteris
731 994 903 1073 placuerunt,
913 1012 966 1051 suo
979 993 1108 1050 firmante
1122 1008 1258 1049 assem.

149 1088 385 1165 Presbyteromm
398 1091 514 1149 nomine
534 1091 653 1167 intelligi
673 1109 708 1148 eo
728 1091 784 1148 loni
805 1091 967 1167 Episcopus
989 1098 1132 1165 putamus,
1147 1104 1240 1160 quum
1261 1084 1301 1145 ad

107 1202 171 1251 eos,
186 1205 243 1245 nnn
253 1206 321 1245 cum
335 1188 492 1264 Apostolis,
506 1187 592 1245 relata
605 1188 643 1244 sit
654 1189 784 1260 quaestio,
799 1196 829 1265 et
841 1205 908 1245 cum
920 1184 956 1243 iis
970 1183 1139 1243 convenisse
1153 1182 1301 1251 dieantur,

107 1298 169 1339 rern
182 1282 341 1359 cognituri:
356 1282 473 1342 sienim
487 1281 654 1341 Sacerdotes
668 1283 815 1359 simplices
829 1291 919 1341 tanus
933 1280 1136 1338 sustinuissent
1148 1288 1247 1356 partes
1268 1278 1302 1337 in

109 1374 160 1435 illo
173 1389 244 1436 caetu
260 1378 435 1455 Apostolicn,
451 1398 604 1452 numquam
620 1391 781 1457 paterentur
792 1398 823 1437 se
833 1390 911 1438 tanto
919 1377 1039 1439 fraudari
1048 1375 1211 1453 privilegio,
1222 1375 1303 1450 qnod

73 1484 78 1497 ’
110 1484 205 1534 tamen
229 1494 386 1550 numquam
400 1477 455 1534 sibi
469 1478 586 1535 vetustis
600 1478 774 1555 temporibus
795 1477 953 1535 vindicasse
967 1483 1131 1549 noscunmr.
1171 1473 1321 1551 Presbyq

108 1580 184 1631 teros
198 1583 291 1631 autem
306 1575 390 1632 etiam
405 1574 529 1633 lrenoeus
544 1576 655 1634 vocavit
668 1595 718 1635 eos
733 1584 752 1613 ‘⁴
762 1576 812 1649 qui
825 1594 891 1633 eum
906 1574 1098 1651 Episcopatus
1111 1571 1303 1630 successione

105 1667 249 1726 charisma
262 1671 385 1729 veritatis
398 1684 505 1730 certum
521 1673 774 1750 acceperunt,”¹et
786 1672 1051 1748 “Presbyterum
1062 1667 1300 1737 successiones,”

107 1767 216 1843 possim
230 1768 383 1827 nominat.⁸
422 1770 545 1837 Fratres,
556 1771 701 1847 simplices
715 1770 824 1827 scilicet
832 1769 941 1836 fideles,
954 1769 984 1826 in
998 1766 1195 1844 Apostolicam
1207 1765 1302 1824 ivisse

108 1865 276 1922 sententiam
291 1884 329 1924 ex
344 1867 501 1925 narratione
516 1880 601 1943 patet,
617 1885 724 1939 eosque
738 1867 768 1924 in
781 1865 902 1942 epistola
911 1865 1080 1938 conjunctos
1088 1871 1201 1940 recepta
1209 1861 1302 1921 lectio

106 1962 234 2031 exhibet,
249 1965 379 2036 quamvis
393 1984 450 2023 non
462 1965 535 2021 desit
548 1964 650 2031 codex,
663 1965 693 2022 in
708 1982 765 2036 qno
779 1963 915 2040 particula
936 1972 955 2001 ‘⁶
965 1962 1013 2020 et’¹
1029 1960 1187 2027 deficiente,
1205 1958 1300 2019 iidem

107 2059 254 2119 videantur
268 2062 376 2129 fratres,
391 2063 440 2134 qui
454 2063 623 2138 presbyteri.
664 2062 808 2121 Ceterum
822 2061 894 2120 nibil
907 2078 1051 2119 moramur
1062 2077 1114 2118 eos
1128 2076 1299 2136 agnoscere,

106 2176 195 2231 quum
211 2159 261 2217 toti
275 2158 415 2216 Ecclesia
429 2159 578 2217 consilium
594 2158 629 2217 de
644 2157 787 2217 mittendis
798 2159 866 2219 viris
881 2157 1022 2235 placuisse
1031 2154 1148 2215 dicatur.
1189 2154 1299 2213 Nullas

106 2262 201 2313 nmen
228 2255 322 2331 egisse
350 2266 444 2331 partes
470 2256 500 2313 in
524 2255 633 2333 judicio
658 2255 756 2329 liquet,
778 2254 935 2313 sed-Petro
959 2262 988 2310 et
1004 2251 1123 2317 ¹Jn'cobo
1146 2268 1297 2312 mseusos.

103 2350 245 2417 Quamvis
266 2354 351 2429 igitur
371 2355 407 2412 ob
427 2346 658 2430 conjunctionem
680 2373 747 2412 cum
768 2352 926 2429 Apostolis,
948 2359 977 2408 et
998 2349 1188 2426 Presbyteris,
1213 2349 1300 2408 initio

102 2447 246 2523 epistolae,
261 2448 404 2507 decretum
419 2468 517 2507 sorum
538 2451 622 2509 etiam
644 2451 759 2507 nomine
780 2448 919 2525 prolatum
939 2446 1029 2505 videri
1056 2444 1156 2523 possit,
1175 2463 1217 2502 ex
1238 2456 1301 2504 tota

105 2552 204 2599 tamen
217 2544 374 2601 narratione
386 2563 545 2614 assensum,
555 2547 648 2622 potius
663 2565 747 2618 quam
758 2536 910 2622 judicium,
920 2545 956 2602 iis
970 2545 1091 2603 tribuere
1104 2555 1299 2603 necesse-est.

106 2638 171 2699 Nec
182 2639 286 2699 mirum
302 2641 454 2718 Apostolos
468 2643 593 2701 voluisse
607 2642 777 2701 dissidentes
791 2642 844 2700 bac
865 2641 949 2699 etiam
964 2641 1073 2699 ratione
1085 2638 1120 2699 ad
1132 2656 1233 2716 pacem
1250 2658 1299 2697 re·

106 2733 220 2811 ducere,
235 2736 411 2796 ostendendo
423 2739 504 2814 ipsos
520 2736 810 2816 Hierosolymitanos,
825 2738 897 2815 legis
911 2737 978 2795 licet
997 2736 1152 2803 studiosos,
1165 2733 1298 2811 Spiritus

105 2832 205 2891 Sancti
220 2833 361 2894 voluntate
376 2835 522 2912 patefacta,
536 2834 724 2908 acquievisse,
739 2844 768 2892 et
780 2834 856 2891 visos
867 2832 992 2910 elegisse
1008 2833 1058 2906 qui
1071 2848 1299 2901 sensuseorum,

99 2930 213 3009 jndicio
226 2933 394 3008 Apostolice
405 2933 578 3001 conformes,
594 2942 768 2991 testarentur.
811 2930 894 2989 Nihil
913 2930 1068 2995 detrahitur
1090 2929 1176 3008 hujus
1195 2928 1228 2987 vi
1248 2948 1301 2989 ex·

103 3035 186 3083 temo
200 3026 338 3094 subsidio,
354 3028 431 3100 quod
443 3029 614 3087 infirmiores
629 3030 660 3088 in
681 3027 737 3087 lide
759 3026 796 3087 ad
817 3046 967 3087 assensum
989 3025 1132 3104 disponat,
1149 3036 1180 3085 et
1200 3028 1298 3104 gentis

104 3120 278 3201 prejudiciis
293 3122 331 3179 sit
344 3125 598 3183 accommodatum.
1176 3110 1179 3115 ¹
1222 3192 1226 3199 Ι
1265 3170 1268 3175 .

105 3278 108 3283 ,
142 3217 290 3278 indicium
304 3228 396 3277 numm
411 3220 479 3277 illud
495 3239 552 3278 non
568 3230 661 3297 potest
674 3221 771 3279 baberi
791 3220 1110 3298 prolatumdpustolice
1121 3214 1298 3283 tantummo»

102 3318 142 3380 do
155 3318 329 3386 auctoritate,
343 3318 473 3391 quamvis
487 3319 565 3376 enim
580 3317 682 3377 Petrus
696 3318 847 3395 praeiverit,
862 3319 967 3392 aliique
976 3324 1082 3377 omnes
1095 3319 1127 3377 in
1136 3319 1204 3396 ejus
1219 3320 1302 3379 abie-

103 3420 162 3479 rint
175 3417 356 3484 sententiam‚
372 3416 525 3473 momentis
539 3416 678 3473 redonum
694 3434 764 3488 quas
784 3414 912 3481 adduxit,
926 3426 955 3473 et
968 3415 1112 3492 pmcipua
1123 3415 1187 3493 ejus
1202 3427 1300 3493 potes·

105 3528 162 3576 tate
173 3518 257 3584 moti,
271 3515 414 3575 decretum
429 3515 556 3574 omniunt
571 3515 687 3572 nomine
702 3523 746 3572 est
758 3513 876 3581 editum,
890 3523 1062 3590 quapropter
1070 3512 1174 3590 judieii
1194 3513 1301 3575 Eccle-

60 3654 71 3685 ,
107 3612 214 3671 siastici
228 3613 346 3671 sormam
361 3610 530 3688 precedent,
548 3611 579 3669 N
581 3628 614 3667 ec
628 3609 737 3669 videtur
748 3609 940 3689 testimonium
954 3596 1149 3673 tantummodo
1170 3610 1298 3687 Spiritus

43 3704 59 3815 μ’
65 3686 73 3709 ’
108 3706 216 3775 Sancti,
227 3709 304 3783 qnod
315 3708 448 3768 Concilio
458 3708 553 3766 retulit
566 3709 677 3776 Petrus,
688 3707 805 3765 sonibus
817 3706 873 3765 illis
884 3704 1012 3772 indicari,
1022 3712 1110 3779 quum
1124 3692 1297 3791 plerumque

40 3838 43 3843 ·
107 3805 242 3882 placitum
265 3807 311 3869 uel
336 3804 480 3864 decretum
501 3823 535 3862 ea
548 3805 655 3862 ratione
675 3803 844 3861 enuntietur.
887 3802 956 3861 Nou
977 3801 1042 3865 inde
1057 3812 1151 3861 mmen
1165 3804 1299 3885 sequitur

106 3901 282 3962 infallibilem
293 3904 484 3961 anctoritatem
495 3903 545 3959 uni
556 3900 688 3959 velnlteni
697 3900 845 3976 Episcopo
853 3918 919 3956 curn
929 3899 1004 3957 clero
1013 3899 1184 3971 nniusurbis
1194 3901 1300 3971 tribui;

31 4054 44 4063 ,,
106 3996 159 4057 sed
168 3996 277 4075 jndicio
292 4018 425 4074 supremo
439 4018 456 4055 a
471 3998 602 4056 Concilio
613 3997 679 4063 lato,
694 3996 724 4055 in
739 4015 796 4069 qno
810 3996 916 4053 summi
930 3995 1134 4054 Pastoriacum
1148 3978 1301 4077 episcopis

106 4095 259 4156 consensio
273 4099 417 4170 reperitur.
459 4095 594 4153 Fatcmur
614 4092 741 4151 concilii
762 4093 947 4150 OEoumenici
970 4093 1125 4169 perlectam
1140 4092 1301 4170 imaginem

107 4193 227 4274 Synodo
242 4193 404 4268 apostolica
416 4193 493 4251 band
507 4192 646 4259 exhiberi,
655 4191 707 4248 sed
724 4190 921 4248 Ecclesiastioi
932 4184 1034 4267 judicii
1046 4191 1206 4267 exemplar,
1219 4193 1302 4265 quod

105 4296 189 4377 plane
203 4288 326 4353 ostendit
339 4291 474 4350 rationem
491 4311 546 4365 qua
560 4288 757 4351 controversiae
769 4288 843 4346 circe
856 4287 941 4347 fidem
953 4286 1118 4347 dirimende
1130 4288 1198 4349 sint.
1220 4289 1296 4351 Inde

529 4500 566 4562 (1)
577 4500 656 4564 supra
668 4516 691 4564 p.
701 4497 757 4548 eoo.
771 4480 774 4486 '

519 4582 564 4642 ⁴42>
573 4582 654 4647 Supra
667 4599 691 4646 p.
699 4580 755 4631 224.
