2738 5032
89 261 145 317 tta
229 256 416 317 suttsltttu
436 255 491 315 tt)
513 252 849 315 Dtttttoscnrtutttt
869 253 1118 315 accensuit.

85 427 180 476 menta
199 415 310 474 inutilia
322 414 358 472 de
372 416 428 473 vitu
448 415 575 493 precisa.
616 414 683 493 ipsa
696 424 788 473 autam
813 413 948 472 manetin
968 412 1062 472 radice
1082 433 1144 481 sua,
1159 414 1190 471 ιιι
1212 415 1271 472 ιιιι

84 532 146 581 sua,
161 513 192 573 iu
205 512 337 571 charitate
352 530 412 575 tua.
454 513 547 572 Porta
562 513 786 571 inferorumnou
800 511 913 573 vincent
925 510 1035 568 ιιιιιιι.”ι
1069 572 1072 577 .

233 739 419 804 sunstnru
439 746 494 804 un
515 742 851 829 nronoscauutu
872 724 1122 804 accusatam.
1195 828 1198 835 Ι

125 906 217 964 Nobis
240 924 405 983 persuasum
425 917 469 962 est
486 922 638 977 quemque,
653 901 750 961 divino
769 903 922 979 affulgente
936 902 1053 970 lumine,
1068 920 1154 979 posse
1168 903 1271 964 Eccle-

85 1004 157 1061 siam
187 1021 340 1078 agnoscere
368 1002 473 1074 absque
498 985 704 1076 Scriptura'rum
729 999 870 1065 examine,
896 999 1001 1074 quippe
1029 1017 1092 1071 que
1114 998 1154 1057 ab
1179 1001 1272 1058 omui*

85 1101 138 1163 bus
158 1100 287 1158 humane
306 1099 424 1176 originis
445 1099 563 1155 coetibus
580 1097 662 1174 plane
683 1096 872 1173 distinguitur.
913 1095 1055 1154 Caeterum
1080 1113 1169 1168 quum
1183 1095 1273 1155 bare·

85 1197 136 1255 tici
162 1197 307 1272 scripturis
334 1197 481 1254 abutantur
503 1193 538 1251 ad
554 1194 624 1270 'ejus
647 1192 827 1250 evertendam
851 1193 1051 1259 auctoritatem,
1079 1210 1138 1250 non
1157 1211 1274 1252 recusa·

86 1311 149 1351 mus
164 1293 194 1351 iu
207 1303 348 1350 certarnen
365 1277 551 1383 'descenoff
565 1302 596 1347 ut
609 1306 694 1347 arma·
709 1282 764 1346 illis
779 1277 949 1364 eripiamus:
971 1307 1043 1361 quos
1062 1306 1098 1346 eo
1111 1289 1204 1366 magis
1223 1289 1271 1347 his

84 1391 237 1448 obruemus
251 1387 405 1461 telis-quod
418 1388 447 1444 in
465 1378 624 1447 iidhntam
644 1399 781 1461 reponant
801 1384 943 1444 fiduciam.
985 1385 1142 1462 Egregium
1161 1385 1270 1446 ducem

85 1487 186 1553 secuti,
201 1476 294 1542 'verbis
309 1485 412 1561 quibus
427 1483 590 1541 Donatistae
610 1482 805 1560 compellabat,
821 1483 941 1540 utimur:
965 1482 1069 1539 “Sunt
1083 1481 1153 1539 libri
1168 1480 1273 1551 divini,

86 1601 207 1656 quorum
221 1581 378 1638 auctoritati
392 1580 508 1654 ¹utrique
522 1579 681 1638 credimus:
703 1579 742 1639 ibi
760 1597 917 1651 queramus
939 1574 1108 1645 Ecclesiam,
1124 1578 1165 1636 ibi
1177 1576 1274 1637 discu·

86 1679 190 1736 ιιιιιιιιι
204 1694 320 1734 cauum
332 1675 503 1734 nostram.”⁸
524 1670 528 1675 ’
544 1676 752 1753 Scripturarum
765 1670 934 1732 testimoniis
949 1683 1074 1743 veterum
1088 1673 1272 1751 scriptorum,

86 1772 241 1883 praesertim
256 1792 354 1833 eorum
365 1774 418 1847 qui
431 1774 503 1831 intra
524 1774 648 1847 quinque
661 1771 795 1829 saeculaa
812 1770 929 1829 Christo
948 1783 1014 1828 ueto
1027 1770 1192 1839 floruerunt,
1208 1764 1274 1830 ¹seu·

86 1871 186 1930 tentiae
200 1869 395 1947 adjungendas
416 1869 559 1936 duximus,
573 1879 605 1927 ut
624 1877 734 1929 constet
750 1886 807 1940 qua
819 1867 926 1925 ratione
946 1867 1002 1944 ipsi
1016 1885 1050 1925 ea
1069 1864 1274 1939 intellexerint,

85 1979 116 2029 et
126 1988 189 2059 qua
202 1969 277 2061 apud
292 1966 502 2026 christifideles
515 1965 550 2022 de
564 1964 704 2023 Ecclesiae
718 1965 879 2029 auctoritate
900 1954 1005 2038 ubique
1019 1964 1172 2023 obtinuerit
1183 1964 1273 2027 fides.

84 2068 259 2143 Argumenta
271 2075 364 2122 autem
377 2081 417 2120 ex
430 2062 583 2137 Scriptun's
597 2074 709 2137 sumpta
719 2061 764 2119 de
775 2060 922 2121 Ecclesiae
929 2061 1128 2120 constitutione
1142 2070 1172 2120 et
1184 2062 1274 2140 privi-

83 2156 166 2239 legiis
180 2178 311 2237 magnam
332 2157 406 2235 apud
427 2176 537 2216 omues
547 2157 692 2215 habere
666 2177 724 2216 vnn
745 2176 863 2216 necesse
883 2168 936 2225 est,
958 2176 1046 2230 quum
1066 2153 1192 2216 historiae
1214 2159 1275 2218 sint

85 2269 268 2345 monumenta
282 2256 352 2314 fide
358 2255 535 2333 dignissima.
576 2256 664 2334 Igitur
677 2275 857 2315 communem
879 2256 1027 2315 hominnm
1040 2275 1158 2314 sensum
1173 2256 1203 2315 in
1218 2257 1279 2316 hac¹

84 2373 115 2415 re
129 2356 197 2441 licet
209 2354 361 2432 appellare,
371 2363 404 2412 ut
414 2354 515 2427 quibus
530 2354 565 2412 de
579 2355 889 2431 divinaSoripturarum
896 2354 1062 2412 auctoritate
1076 2373 1134 2413 nou
1148 2365 1271 2425 constat,

86 2471 143 2527 qua
152 2452 260 2510 ratione
274 2436 500 2508 Christianorum
515 2451 635 2509 societas
645 2460 678 2509 et
686 2444 845 2528 respublica
865 2451 986 2528 primum
1001 2451 1152 2509 constituta
1172 2451 1220 2521 ιιι,
1235 2471 1273 2510 ex

85 2547 226 2607 historicis
241 2546 326 2603 veluti
340 2545 517 2603 documentis
532 2556 633 2623 pateat
675 2546 721 2604 Ea
738 2547 916 2620 rationeque
935 2540 1032 2605 contra
1045 2547 1160 2605 Deistas
1176 2548 1273 2626 Scrip-

84 2646 154 2706 turis
168 2645 214 2703 usi
226 2662 337 2711 sumus.
351 2642 484 2703 historica
497 2644 906 2725 earumauctoritate-probata,
921 2644 963 2702 sic
976 2663 1024 2702 eas
1038 2642 1221 2703 adhibemus·
1240 2654 1272 2703 ut

85 2743 177 2817 qualis
191 2762 208 2800 a
221 2741 338 2799 Christo
352 2740 477 2806 instituta
490 2741 528 2798 sit
541 2732 854 2809 Ecclesia·noscamus;
876 2741 996 2818 pertinet
1008 2741 1119 2799 scilicet
1130 2741 1167 2799 ad
1177 2742 1271 2802 bisto-

86 2845 181 2910 riam,·
194 2861 258 2917 quae
283 2841 360 2900 Novi
380 2841 558 2898 Testamenti
579 2841 657 2898 libris
680 2842 847 2899 continetur.
889 2839 1150 2916 interpretationem
1174 2849 1269 2899 autem

85 2940 309 2998 testimoniorum
324 2937 426 3010 quibus
441 2947 560 3005 utemur,
571 2957 627 2995 non
641 2956 678 2994 ex
692 2937 830 2996 Ecclesia
840 2937 1000 2994 auctoritate
1014 2935 1190 3015 derivamus,
1200 2935 1279 2995 dum-

86 3035 121 3093 de
136 3036 200 3110 ipsa
212 3033 375 3090 auctoritate
390 3032 537 3113 statuenda
550 3032 623 3109 apud
639 3033 767 3090 infideles
781 3032 827 3090 rel
840 3025 987 3090 hereticos
1001 3031 1109 3109 agiturt
1124 3031 1177 3090 sed
1189 3018 1229 3091 ex
1243 3032 1278 3091 ιι·

86 3132 235 3190 verborum
249 3139 278 3187 et
297 3129 437 3185 sermonis
461 3116 604 3196 coritarum,
619 3141 647 3187 et
666 3131 838 3203 antiquitatis
859 3148 955 3198 sensu,
970 3130 1019 3202 qui
1039 3136 1114 3197 certe
1133 3148 1172 3188 ex
1185 3131 1273 3188 obvia

87 3249 187 3291 eurum
199 3227 404 3307 significatione
415 3227 662 3285 ortus-censendus
673 3238 725 3285 est.
768 3229 831 3286 Nec
843 3227 928 3286 fidem
939 3228 1026 3286 veluti
1034 3226 1158 3286 divinam
1168 3226 1274 3288 Eccle-

85 3331 136 3388 sia
150 3324 321 3387 auctoritatis
335 3323 388 3381 hac
401 3323 508 3380 ratione
529 3324 686 3391 statuimus,
699 3324 752 3382 sed
772 3325 924 3383 humanam
945 3325 1110 3398 quandam,⁴
1123 3323 1273 3385 suadendo

40 3406 57 3476 '-
85 3427 204 3493 scilicet,
219 3424 293 3482 sicut
301 3418 487 3498 jani'Ohristi
501 3420 701 3479 revelationem
715 3421 822 3481 Dcistis
836 3422 977 3481 suasimus
988 3441 997 3490 ;
1010 3422 1087 3481 illam
1101 3421 1178 3489 enim
1193 3439 1275 3482 com·

87 3523 191 3601 pendio
205 3520 328 3651 quodam
349 3517 519 3623 auctoritatis
541 3519 637 3577 haberi
657 3538 817 3593 censemus,
828 3519 896 3591 Deo
918 3530 1039 3578 mentem
1058 3519 1220 3638 illustrante
1240 3531 1274 3580 ut

120 3697 157 3758 (l)
174 3696 251 3745 Serm.
263 3696 286 3755 1,
297 3694 327 3745 de
338 3676 455 3771 Symbolo
466 3694 496 3744 ad
507 3674 651 3754 catechum,
662 3711 683 3744 c
695 3695 718 3747 6.
792 3657 795 3664 Ι
1079 3712 1083 3725 .
1239 3707 1241 3711 -

120 3761 156 3824 (2)
175 3761 268 3811 Burnet
278 3760 403 3810 contendit
418 3777 523 3811 noanon
539 3777 609 3824 posse
624 3731 756 3825 Scripturis
772 3760 808 3813 uti
825 3760 852 3810 iu
867 3718 980 3810 Ecclesia
996 3760 1169 3827 dignoscenda,
1180 3762 1274 3829 quippo

86 3856 189 3910 quarum
202 3843 335 3894 auctoritas
348 3860 379 3894 cx
395 3844 472 3910 ipsius
489 3843 607 3893 Ecclesia
622 3843 716 3908 Judieio
727 3845 829 3907 pendet:
847 3844 889 3892 scd
906 3843 1061 3894 vehementer
1077 3847 1181 3903 aberrat,
1193 3861 1274 3910 quum

87 3920 205 3980 historica
215 3929 307 3978 fides
286 3946 322 3979 ers
338 3929 501 3979 vindicetur''
485 3945 516 3979 ιιι
532 3943 586 3992 qua
603 3928 682 3991 priore
698 3934 805 3977 tractatu
823 3927 982 3991 exposuimus
996 3929 1155 3995 argumentis.
1187 3928 1275 3982 'festi-

88 4012 171 4063 mouio
178 4018 203 4060 et
210 4011 304 4077 judicio
311 4013 428 4063 Ecctsn·
438 4013 611 4077 indigemusut
620 4012 650 4059 dc
661 4011 744 4063 divina
750 4026 834 4061 aarum
840 4000 1003 4075 'inspiratione
1010 4019 1076 4062 certo
1087 4019 1190 4074 constet,
1201 4015 1274 4066 omi

87 4100 119 4148 de
129 4097 281 4162 singulorum
292 4098 409 4148 librorum
421 4097 564 4148 auctoritate
575 4096 725 4150 dubitatione
736 4103 836 4154 remota,
845 4097 899 4146 uti
893 4112 919 4146 tn
929 4095 1040 4162 sequenti
1050 4105 1159 4150 ιιιοιιιιιι
1166 4091 1274 4151 deman·

87 4172 227 4231 strabimus.
260 4179 488 4248 Rurnetrtnalysis,
498 4179 589 4245 patto,
599 4182 637 4230 ed.
649 4179 748 4238 Dublin,
758 4195 799 4228 an
811 4179 881 4229 1829
980 4174 983 4181 ¹

119 4264 159 4327 (³)
175 4260 244 4313 “Nel
255 4262 440 4314 Cristianesimo
457 4265 623 4316 riconosconlti
630 4265 677 4313 due
687 4263 768 4328 specie
775 4263 801 4313 di
812 4263 888 4323 ledet
889 4264 1024 4335 naturales
1039 4281 1139 4326 unraua,
1148 4282 1162 4316 s
1170 4283 1275 4319 warau-

89 4349 201 4401 usturale
217 4365 231 4397 e
248 4347 337 4397 divina·
369 4349 397 4398 Si
413 4349 445 4399 ba
461 4349 485 4399 la
505 4351 585 4414 prima
600 4349 697 4414 quaudo
713 4349 734 4399 ιι
746 4349 817 4399 erede
833 4342 852 4398 it
861 4349 922 4399 fatto
940 4324 1004 4400 dotti
1019 4350 1175 4401 Rivelazione
1187 4369 1232 4435 per
1248 4353 1277 4404 la

89 4436 155 4487 forza
167 4434 205 4484 ch'
216 4431 352 4483 escrcitano
363 4434 540 4484 nnturulmente
551 4434 613 4483 sullo
628 4433 719 4497 spirito,
726 4450 816 4483 urnauo
826 4433 862 4498 gli
873 4435 1026 4500 argomentii
1036 4436 1103 4500 quali
1113 4435 1139 4486 lo
1149 4452 1275 4500 pruvance

89 4520 120 4568 ed
131 4516 145 4566 έ
162 4517 242 4567 sirnile
253 4533 267 4566 a
278 4515 366 4578 quella,
377 4515 422 4563 che
439 4517 460 4564 si
479 4523 559 4580 presta
569 4534 585 4566 a
596 4524 657 4568 tutto
668 4517 690 4566 le
701 4517 782 4566 storia.
814 4517 852 4565 La
868 4518 972 4566 seconde
982 4517 1053 4567 vieno
1068 4519 1094 4568 in
1106 4519 1148 4569 noi
1159 4520 1275 4583 prodctta

16 4592 19 4597 ¹
90 4602 139 4652 dall
149 4601 293 4651 immediata
303 4599 386 4648 arione
398 4595 460 4648 dell'u
472 4600 556 4665 grazia
566 4600 662 4662 celeste,
672 4602 697 4651 la
706 4601 778 4666 quale
787 4600 890 4666 dipende
901 4601 1016 4666 piuttosto
1026 4601 1058 4652 da
1069 4603 1126 4673 Dio,
1136 4603 1183 4655 cbs
1193 4604 1220 4657 ie
1231 4607 1275 4669 da,

91 4684 136 4734 cbe
147 4683 204 4734 dall’
216 4700 296 4742 uomc,
308 4683 352 4732 che
364 4682 387 4732 la
397 4682 503 4732 riccvc.”
535 4683 669 4747 Spedulieri
680 4701 703 4748 p.
716 4685 736 4744 l,
747 4685 843 4734 sezione
855 4682 902 4733 111.
913 4699 935 4732 c.
945 4684 976 4734 ri.
985 4691 1045 4736 tom.
1056 4685 1081 4744 2,
1091 4687 1164 4750 pte.
