2738 5032
102 246 164 305 20⁸
345 243 403 307 DE
424 241 718 305 cunctarentur
738 241 1051 305 auctoratam.

102 406 181 465 tione
195 404 389 483 praeberetur.¹
427 404 616 482 Imperatores
630 403 660 461 in
670 403 707 461 iis
719 402 819 462 litteris
828 403 945 462 edendis
960 400 1156 470 Sacerdotum,
1168 416 1295 479 praescr·

103 505 154 563 tIm
182 503 294 561 Summi
314 502 472 570 Pontifiois,
495 502 625 578 precibus
652 501 784 558 annuisse
811 511 930 569 constat,
953 511 1122 578 quapropter
1150 499 1292 557 Ruffinus

104 602 252 661 Nicoeuam
267 599 427 677 synodum,
444 609 510 657 “ex
524 597 708 657 Sacerdotum
721 599 891 664 seutentia,”
907 609 1089 660 convocatam
1111 619 1127 656 a
1141 598 1291 656 Constan-

103 699 165 758 tino
178 696 247 755 dicit
258 701 281 765 3⁸
294 708 323 755 et
336 697 473 755 silvester
484 716 540 754 una
552 714 619 754 cum
633 694 822 754 Constantino
833 696 1044 757 convocationis
1059 703 1156 752 auctor
1171 714 1189 751 a
1207 690 1296 752 sex'to

102 794 236 854 Concilio
250 788 452 872 praedicaturr‘
476 793 711 851 “Constantinus
726 811 838 870 semper
858 794 1014 872 Augustus,
1029 802 1057 851 ct
1077 792 1217 851 Silvester
1231 792 1294 851 lau·

102 889 214 958 dabilis,
229 910 360 968 magnam
375 900 459 963 atque
472 891 614 966 insignem
626 889 656 946 in
671 889 770 947 Nicaea
784 888 925 966 synodum
938 889 1172 966 congregabant.⁸

143 989 221 1048 Hinc
242 989 383 1066 Episcopi
405 987 712 1064 constantinopolitani
735 987 858 1046 Consilii
880 988 904 1046 Ι.
930 1007 961 1046 se
982 997 1151 1046 convocatos
1180 985 1292 1056 dicunt,

102 1097 170 1167 post
183 1089 287 1146 litteras
302 1087 465 1146 aI'ontifice
477 1085 511 1144 ad
522 1085 723 1162 Imperatorem
735 1086 878 1163 scriptas,⁴
887 1086 1093 1144 etPoutificem
1103 1103 1153 1143 eos
1164 1084 1292 1143 Romam

101 1184 267 1243 acaemfisee
281 1183 315 1242 ad
330 1182 481 1260 synodum
494 1201 547 1260 per
559 1181 740 1260 imperatoris
754 1182 859 1240 litteras
868 1187 890 1238 :⁵
909 1192 938 1240 et
957 1182 1098 1260 Episcopi
1119 1180 1233 1239 Maesiae
1254 1180 1292 1241 ad

101 1278 305 1358 Imperatorem
319 1280 448 1337 Leonem
462 1279 626 1345 scribentes,
642 1276 806 1336 Concilium
821 1277 1056 1337 chalcedonense
1074 1278 1160 1355 jussu
1182 1277 1294 1337 Leonis

102 1377 252 1439 Pontificis
267 1376 393 1434 habitum
407 1374 528 1443 dicunt,⁸
540 1366 670 1448 quamvis
685 1377 848 1434 Marcianus
862 1375 1017 1454 Imperator
1031 1374 1102 1433 illud
1113 1384 1293 1434 convocasse

101 1474 172 1532 alias
186 1483 328 1532 noscatur.
369 1471 448 1530 Dicit
461 1472 493 1529 S.
508 1471 569 1531 Leo
583 1471 715 1531 Ooncilia
728 1473 819 1531 habita
832 1491 869 1531 ex
882 1483 1023 1549 praecepto
1031 1469 1253 1549 Imperatorum,
1264 1480 1294 1531 et

103 1590 245 1630 consensu
258 1570 433 1648 Apostolicae
447 1569 540 1628 Sedis.
581 1570 629 1629 Ex
643 1571 690 1628 his
703 1572 792 1645 liquet
806 1571 975 1631 Pontificem
995 1590 1061 1629 suas
1076 1571 1172 1648 egisse
1194 1583 1291 1650 partes

103 1670 134 1728 iu
148 1667 338 1728 convocandis
352 1666 480 1744 Synodis
495 1666 711 1738 (Ecumsuicis3
733 1688 787 1727 nec
807 1669 924 1726 interest
938 1678 1031 1726 utrum
1046 1668 1109 1744 ipsc
1123 1667 1293 1745 Episcopos

102 1766 203 1826 litteris
216 1773 379 1842 congreget,
393 1764 437 1823 vel
453 1763 566 1823 alterius
589 1775 681 1823 utatur
699 1784 795 1843 opera,
810 1765 856 1823 vel
880 1775 970 1824 ratum
996 1765 1098 1823 habeat
1119 1764 1196 1839 quod
1215 1765 1291 1823 alius

103 1877 205 1942 sponte
220 1883 272 1923 sua
291 1863 388 1940 gessit,
403 1861 558 1922 dummodo
579 1863 727 1921 auctoritas
748 1864 810 1940 ejus
831 1862 944 1922 nudem
964 1864 1148 1922 interveniat:
1169 1862 1221 1921 sed
1236 1864 1292 1942 Jus

102 1980 188 2021 suum
203 1962 286 2038 plaue
300 1969 353 2028 est,
368 1978 421 2018 suo
437 1959 577 2018 inhaerens
591 1960 712 2018 muneri.
1161 1970 1165 1981 ·

114 2078 119 2086 ·
143 2057 287 2136 Episcopi
306 2056 362 2115 soli
375 2056 449 2135 jure
469 2054 571 2114 divino
585 2055 626 2114 ed
648 2054 780 2115 Concilio
805 2056 1139 2118 OEcumeniccooccrtdi
1159 2064 1243 2127 sant,
1265 2068 1297 2118 et

104 2157 271 2234 suffragium
284 2154 521 2213 decisivumserre
531 2153 633 2224 valent,
644 2156 774 2229 quamvis
784 2154 953 2215 Sacerdotes
966 2164 1109 2231 tamquam
1122 2155 1295 2216 consiliarii

104 2256 242 2314 iuteresse
256 2254 378 2331 possint,
392 2253 457 2311 laici
471 2253 556 2312 etiam
570 2253 679 2321 fideles,
694 2255 851 2332 praesertim
865 2256 915 2329 qui
936 2255 965 2314 in
986 2254 1144 2332 Republica
1163 2256 1297 2316 emiuent

104 2351 249 2428 dignitate,
264 2370 321 2428 pro·
336 2351 449 2409 arbitrio
469 2350 563 2409 minen
584 2350 805 2427 Episcoporum',
825 2362 854 2409 et
873 2351 951 2412 nullo
975 2370 1040 2411 cum
1059 2352 1124 2431 jure
1146 2351 1293 2430 suffragii.

102 2446 315 2524 Episcoporum
332 2448 381 2523 jus
395 2465 432 2503 ex
445 2465 561 2505 munere
575 2446 652 2519 quod
672 2456 806 2505 exercent
825 2448 909 2522 plane
928 2448 1147 2523 sequitur,.sunt
1159 2448 1238 2507 enim
1254 2449 1295 2508 ad

104 2541 255 2620 regendam
276 2542 438 2600 Ecclesiam
458 2562 475 2599 a
493 2542 600 2618 Spintu
622 2543 726 2601 Sancto
746 2544 901 2613 constituti,
916 2546 1118 2622 Apostolorum
1133 2547 1294 2622 potestatis

103 2640 169 2701 facti
184 2638 345 2718 participes.
387 2638 495 2697 Eorum
510 2649 555 2723 est
567 2638 727 2716 depositum
739 2640 806 2699 fidei
820 2641 971 2711 custodite,
986 2651 1014 2701 et
1026 2641 1154 2720 judicum
1168 2639 1206 2699 dc
1220 2661 1295 2702 con·

104 2739 248 2800 tmversiis
262 2739 401 2798 sustInere
416 2747 518 2817 partes.
560 2737 638 2797 Illuc
652 2738 784 2798 coucilia
797 2758 910 2818 semper
930 2738 1152 2819 Episcoporuml
1164 2758 1296 2802 couven-

102 2849 150 2900 tus
172 2839 399 2917 designabantur,
420 2836 549 2911 quamvis
571 2837 739 2914 plerumque
763 2836 1076 2916 Presbyterialiique,
1098 2839 1187 2898 etiam
1213 2839 1296 2910 laici,

104 2954 208 3011 magno
222 2953 340 2995 nurnero
355 2935 531 2993 interessent.
572 2922 752 2994 Innumeram
773 2936 876 2994 horum
889 2936 1097 2996 multitudinem
1119 2936 1231 2996 Nicaeae
1245 2937 1296 2996 ad·

83 3014 90 3031 ’
104 3033 196 3092 fnisse
211 3043 328 3091 testatur
341 3032 486 3090 Eusebius
497 3034 519 3100 3⁷
532 3029 583 3090 sed
598 3030 723 3091 Concilii
737 3043 798 3091 acta
811 3033 880 3092 eolis
900 3033 1054 3113 Episcopis
1069 3054 1086 3092 a
1098 3032 1297 3097 Constantino

106 3129 170 3208 ipso
185 3130 352 3187 tribuuntur.
394 3127 542 3186 Consonat
563 3130 691 3188 omnium
712 3130 881 3199 seculorum
899 3148 981 3200 usus,
995 3131 1129 3190 otunibus
1149 3131 1297 3193 Ecclesia

104 3226 297 3288 monumentis
312 3225 456 3302 probatus.
727 3216 761 3277 s
915 3238 920 3247 ’
1051 3213 1055 3217 ’
1176 3270 1180 3279 .

145 3325 309 3404 Episcopos
323 3333 417 3380 annm
431 3339 530 3380 omues
552 3341 603 3399 per
621 3323 730 3392 orbern,
744 3324 829 3385 etiam
844 3325 893 3399 qui
913 3325 947 3384 in
960 3312 1100 3406 partibus
1122 3325 1297 3406 infidelium

105 3425 259 3494 dicuntur,⁸
275 3422 325 3500 jus
346 3421 448 3479 habere
468 3420 682 3490 interveniendi,
697 3422 733 3480 ob
754 3442 862 3482 sacram
882 3422 938 3498 qua
958 3437 1091 3484 ornantur
1110 3423 1296 3503 dignitatem,

105 3521 204 3594 liquet,
227 3518 354 3593 adeoque
377 3516 412 3575 ad
426 3535 525 3576 omues
548 3515 701 3597 ditigendae
728 3530 794 3578 sunt
818 3523 1029 3581 convocatIonis
1054 3522 1163 3581 litterae.
1212 3512 1296 3594 Quos

107 3600 216 3675 constat
228 3614 529 3676 excommunicationis
543 3617 682 3676 sententia
694 3617 775 3695 ligari
791 3619 857 3695 jure
876 3619 926 3705 illo
941 3605 1094 3697 privantur.
1138 3620 1181 3679 Ut
1204 3623 1298 3683 (Ecu-

140 3865 317 3926 (nvnecod.
328 3865 344 3914 l.
355 3865 397 3915 xii.
408 3866 438 3914 de
455 3879 506 3914 cur.
524 3865 589 3929 publ.
606 3865 643 3917 tit.
659 3865 716 3945 2'et
737 3865 773 3914 tit
791 3865 806 3913 3
824 3859 960 3917 evectiones.
978 3868 1053 3918 etiarn
1071 3866 1225 3922 Theodoret.
1242 3873 1300 3923 bist.

107 3949 125 4000 l.
133 3948 155 4008 1,
166 3965 187 3998 c.
197 3949 237 3997 vii.

141 4034 177 4095 (2)
190 4032 255 4082 Ruff.
266 4033 281 4081 l.
293 4032 316 4092 I,
324 4033 379 4082 hist.
388 4031 455 4081 Eccl.
465 4047 485 4080 c.
495 4031 510 4081 i.
564 4092 568 4097 1

140 4115 177 4177 (3)
190 4106 247 4163 llct.¹
257 4113 286 4162 18
295 4114 321 4163 in
333 4115 409 4162 Serm.
421 4113 617 4177 Prosphouetico.

140 4200 177 4262 (l)
189 4197 235 4261 Ep·
246 4196 277 4247 sd
289 4197 433 4249 Damasum.

70 4270 73 4275 ⁴
141 4284 178 4345 (5)
190 4281 294 4331 Ibidem.

122 4406 124 4413 .
141 4367 177 4428 (6)
188 4366 263 4415 Cone
273 4363 357 4412 Chalc.
368 4365 424 4412 Act.
434 4363 478 4413 col
489 4363 564 4413 Cone.
575 4363 653 4414 Hand.

141 4451 178 4510 (7)
196 4448 234 4498 De
245 4447 294 4496 vita
304 4446 390 4495 coust.
402 4447 417 4495 l.
429 4445 480 4495 III.
488 4463 509 4496 c
520 4447 570 4496 viii.

140 4533 178 4595 (8)
195 4532 257 4582 Vide
269 4529 387 4588 Ferraria,
398 4527 551 4591 Bibliotheca,
563 4530 698 4581 Concilium
708 4548 731 4580 u.
743 4531 782 4581 29.
