2738 5032
342 254 398 318 na
415 254 712 318 consumtus
734 234 1044 317 ruurorrmrn.
1231 256 1293 315 aar

237 493 283 554 .-C.
304 494 389 555 xlx.
430 494 486 555 DE
509 494 803 554 CONCILIORUM
824 446 1135 554 AUCTORITA'l'E.

149 671 236 730 Varia
262 672 310 730 illa
337 672 475 751 explicata
503 672 609 730 ratione
637 691 692 744 qua
718 672 860 733 solemnes
889 670 956 730 fidei
983 671 1162 731 definitiones
1183 669 1217 729 ab
1237 670 1293 733 Ea

103 770 195 829 clesia
215 758 400 837 eduntur,'de
422 770 560 828 Consiliis
582 769 753 833 enucleatius
768 768 917 827 dicendum
939 780 991 826 est.
1033 768 1195 827 Concilium
1217 767 1293 846 apud

104 868 236 934 Latinos,
264 878 366 936 Συνοδος
392 867 473 944 apud>
502 868 629 934 Graecos,
659 879 703 924 est
726 866 946 923 Ecclesiasticus
972 878 1127 923 conventus
1159 884 1196 923 ex
1229 884 1294 922 auc·

105 965 218 1023 toritate
253 963 364 1021 habitus
397 964 431 1023 ad
466 963 679 1029 deliberandum
711 963 746 1020 de
780 964 901 1040 negotiis
936 963 1158 1021 Ecclesiasticis.
1204 961 1295 1021 Gene-

103 1059 171 1120 rale
197 1059 371 1129 Concilium,
395 1079 461 1123 seu,
479 1053 639 1130 θἰκυμενικη,
665 1070 708 1117 est
735 1060 946 1136 Episcoporum
971 1078 1008 1116 ex
1037 1058 1201 1117 Christiano
1226 1059 1295 1117 orbe

103 1169 205 1226 cretus,
220 1157 340 1236 praeside
355 1159 438 1217 totius
449 1159 561 1234 collegii
576 1158 757 1234 Episcopalis
766 1159 868 1234 capite,
879 1157 1027 1235 Episcopo
1040 1157 1180 1223 Romano,
1192 1155 1296 1215 saltem

103 1273 241 1333 persuos
255 1255 373 1341 legatos.
414 1253 577 1312 Nationalc
597 1254 759 1332 concilium,
782 1253 858 1326 quod
879 1238 1057 1311 Plenurt‘um
1082 1269 1196 1325 quoque
1219 1248 1296 1327 apud

105 1355 304 1432 Augustinum
318 1353 430 1420 dicitur,
445 1362 490 1410 est
509 1352 721 1429 Episcoporum
742 1352 828 1427 unius
846 1352 968 1410 nationis
989 1361 1157 1416 conventus,
1172 1346 1295 1425 preside

106 1467 167 1508 suo
177 1449 316 1516 Primate,
332 1448 504 1516 Patriarcha,
520 1447 565 1507 vel
579 1448 634 1505 alio
648 1448 792 1525 precipua
811 1460 908 1505 ornato
922 1446 1067 1525 dignitate.
1102 1440 1298 1503 Provinciale

109 1545 277 1606 Concilium
292 1556 401 1607 constat
414 1545 570 1623 Episcopis
583 1545 669 1623 unius
684 1543 836 1620 provincie
851 1543 1071 1611 Ecclesiastico,
1083 1543 1126 1601 sic
1139 1543 1215 1601 enim
1230 1558 1297 1600 con·
1334 1576 1341 1589 ι

104 1644 204 1701 suevit
217 1643 311 1702 vocari
326 1642 602 1720 Metropolitaeditio
613 1642 712 1719 ¹plures
733 1640 925 1718 complectens
945 1640 1090 1699 diaeceses.
1134 1641 1173 1699 Ei
1192 1649 1299 1718 praeest

103 1741 365 1819 Archiepiscopus.
407 1741 539 1815 Concilio
552 1742 614 1799 haec
629 1740 726 1798 omnia
739 1748 807 1796 sunt
820 1738 980 1796 Praesulum
994 1749 1091 1797 caetus.
1121 1739 1237 1797 Nomen
1248 1757 1298 1797 au·

104 1847 170 1896 tem
181 1839 315 1897 tribuitur
327 1839 411 1898 etiam
437 1838 588 1898 conventui
602 1836 744 1915 Episcopi
762 1846 791 1893 et
815 1834 883 1893 cleri
902 1835 988 1893 unius
1009 1835 1150 1901 diecesis,
1165 1834 1297 1908 quamvis

105 1919 292 1993 communius
310 1934 449 2014 muudus
463 1934 638 1994 Diaecssann
651 1934 777 1993 dicatur:
799 1934 905 2011 quippe
930 1933 1015 2011 unius
1041 1932 1195 1990 diaeceseos
1211 1931 1299 1990 Clero

107 2038 235 2098 constat,
251 2029 372 2112 preside
385 2029 543 2106 Episcopo.
583 2032 649 2089 Jarn
662 2031 768 2089 saecnlo
782 2029 907 2088 secundo
923 2026 1054 2088 Concilio
1068 2029 1165 2086 haberi
1179 2045 1300 2085 cousue-

104 2135 223 2193 verunt,
251 2127 293 2201 uti
320 2135 436 2184 testatur
463 2128 665 2194 Tertullianus,
693 2129 746 2185 sub
774 2129 884 2186 initium
912 2128 987 2186 tertii
1013 2127 1117 2185 seculi
1152 2127 1297 2184 scribens:

105 2233 131 2261 “
149 2231 269 2300 aguntur
282 2232 417 2298 praeterea
431 2241 483 2301 per
505 2223 630 2281 Graecias
645 2223 693 2281 illa
706 2224 790 2281 certis
810 2225 840 2281 in
864 2225 936 2282 locis
961 2225 1080 2287 concilia
1101 2243 1138 2285 ex
1158 2222 1299 2282 universis

106 2319 268 2388 Ecclesiis,
283 2339 335 2397 per
348 2340 411 2395 quae
425 2331 454 2379 et
467 2321 699 2401 altioraquaeque
720 2322 915 2380 incommune
936 2332 1094 2390 tractantur,
1118 2333 1147 2381 et
1170 2323 1234 2399 ipsa
1253 2340 1300 2381 re·

102 2418 290 2497 praesentatio
304 2403 390 2476 totius
404 2419 528 2479 nominis
545 2402 702 2478 Christiani
715 2439 819 2496 magna
839 2420 1018 2479 veneratione
1032 2421 1220 2480 -cclebraturl
1258 2421 1301 2481 Et

105 2519 168 2577 hoc
183 2536 268 2590 quam
283 2516 400 2594 dignum
411 2518 467 2601 fide
483 2519 646 2595 auspicante
662 2519 826 2596 congregari
841 2518 964 2593 undique
979 2518 1015 2577 ad
1036 2519 1184 2597 Christum
1193 2519 1241 2576 l'’¹

157 2613 333 2675 Convocatis
351 2614 475 2688 Caecilii
491 2614 814 2694 OEcumeat'cipertinet
826 2617 921 2674 nativo
936 2619 1002 2693 jure
1017 2616 1051 2674 ad
1066 2636 1209 2676 summum
1225 2618 1300 2676 Pon·

108 2711 230 2780 tificem,
245 2712 321 2770 illius
334 2711 410 2770 en'irn
425 2721 469 2792 est
482 2712 645 2788 Episcopus
656 2730 696 2768 cx
710 2722 768 2769 toto
783 2713 849 2770 orbe
864 2713 893 2786 in
907 2730 996 2768 unum
1010 2710 1145 2778 adunare,
1161 2712 1210 2784 qui
1231 2730 1301 2787 prte-

107 2817 196 2884 cepto
205 2806 393 2866 conveniendi
401 2807 443 2866 eis
453 2796 546 2882 polest
554 2805 700 2882 imponere
710 2807 918 2873 necessitatem
928 2804 1005 2878 quod
1016 2823 1101 2862 nemo
1111 2804 1301 2881 praeterillum

110 2905 166 2980 qni
184 2905 384 2983 jurisdictione
399 2903 429 2962 in
443 2921 542 2961 omnes
557 2911 682 2978 praestat,
697 2902 780 2959 valet.
821 2902 896 2977 Ejus
921 2901 1114 2985 auctoritatem
1139 2898 1300 2973 necessarid

107 3003 263 3082 postulari,
287 3012 318 3062 ut
345 3001 509 3087 Concilium
537 3000 758 3059 (Ecumenicum
790 2999 841 3057 rite
866 2999 1010 3068 habeatur,
1035 3000 1200 3074 ²ualeantque
1226 2998 1302 3078 apud

15 3178 18 3183 1
110 3119 215 3160 omnes
227 3099 351 3167 decreta,
366 3098 456 3172 liquet
469 3116 505 3156 ex
519 3097 724 3171 antiquissimis
739 3096 963 3171 certissimisque
983 3096 1171 3168 documentis,
1195 3097 1303 3174 “jubet

114 3184 239 3264 enim,”'
254 3205 372 3274 testante
395 3195 520 3262 Socrate,
545 3194 754 3253 Ecclesiasticoe
778 3194 913 3262 historiae,
935 3195 1033 3268 quinto
1058 3196 1162 3254 saeculo
1187 3196 1301 3254 ineunte

114 3291 273 3371 Scriptore,
295 3290 542 3350 “Ecclesiasticus
563 3308 664 3358 canon,
680 3310 736 3349 non
757 3301 885 3368 oportere
900 3292 1056 3360 Ecclesiae,
1071 3303 1171 3370 praeter
1191 3299 1302 3348 senten-

111 3389 186 3451 tiam
200 3389 342 3468 Episcopi
365 3390 489 3449 Romani
509 3408 632 3448 canones
652 3387 783 3458 edere,”⁹
806 3399 835 3446 et
857 3390 888 3447 in
914 3384 1046 3448 Concilio
1072 3387 1302 3447 Chalcedonensi

112 3487 261 3548 Dioscoro
275 3488 467 3547 Alexandrino
481 3487 649 3547 Patriarchae
664 3487 804 3564 objectum
819 3496 863 3544 est
877 3506 894 3544 a
907 3474 991 3545 Sedis
1013 3486 1187 3564 Apostolicae
1198 3486 1300 3564 Isgato,

117 3578 200 3660 quod
214 3594 234 3644 “.
246 3584 397 3661 Synodum
412 3603 497 3643 ausus
506 3585 549 3642 sit
562 3584 653 3642 lacere
667 3567 728 3643 sine
749 3583 911 3645 auctoritate
932 3583 1007 3641 sedis
1027 3583 1210 3659 Apostolicae,
1226 3582 1302 3657 quod

113 3690 263 3757 nunquam
278 3684 367 3752 licuit,
383 3702 526 3755 nunquam
542 3682 645 3740 sactum
667 3680 756 3738 est.”⁸
795 3681 859 3738 Nec
880 3691 973 3738 tamen
994 3680 1145 3739 diffitemur
1165 3701 1302 3757 convoca·

114 3779 206 3839 tionis
221 3778 348 3838 Concilii
363 3780 476 3853 Nicaeni
496 3779 602 3836 litteras
617 3798 633 3835 a
647 3777 834 3836 Constantino
849 3776 1020 3853 Imperatore
1035 3777 1134 3846 editas,
1148 3779 1203 3839 alia
1216 3780 1301 3838 etiam

106 3877 242 3947 concilia
254 3877 460 3955 Imperatorum
470 3877 553 3953 jussu
569 3876 679 3934 habita:
696 3875 771 3933 illius
786 3885 878 3932 autem
893 3870 934 3934 rei
949 3876 1043 3952 plures
1054 3874 1154 3934 dantur
1166 3879 1300 3947 rationes,

117 3971 199 4046 quod
213 3974 322 4031 scilicet
334 3972 397 4049 lege
410 3982 549 4030 vetaretur
562 3975 716 4030 conventus
732 3963 860 4049 publicos
875 3971 971 4030 haberi
993 3973 1049 4038 nisi
1069 3973 1300 4052 eximperatoris

116 4070 310 4137 auctoritate,⁴
320 4079 348 4126 et
361 4066 437 4141 quod
450 4068 604 4147 Episcopis
619 4066 785 4144 plerumque
800 4069 969 4149 pauperibus
991 4082 1164 4149 commeatus
1185 4073 1239 4133 hac
1259 4090 1302 4130 ra·

155 4243 192 4303 (l)
204 4243 242 4292 De
250 4242 364 4307 Jejuniis,
373 4258 395 4289 c.
404 4242 454 4290 xiii.
1154 4298 1160 4311 .

159 4332 195 4393 (2)
219 4335 255 4380 Ta
277 4328 447 4395 ixanotogtxs‘
458 4331 551 4386 κᾰνονος
568 4329 709 4388 κελεῦοντος,
725 4337 756 4393 μὴ
775 4333 822 4380 datu
840 4345 904 4397 noge
921 4351 1014 4399 yvouqa
1033 4347 1060 4384 ss
1079 4336 1192 4387 snmxine
1217 4330 1301 4398 ’ρώμης

114 4414 253 4478 κανονίζειν
265 4432 308 4475 τας
319 4415 448 4484 exaequata
484 4414 576 4460 Socrat.
586 4411 602 4459 l.
614 4413 648 4460 ll.
661 4413 727 4463 Eccl.
739 4415 796 4462 hist:
808 4430 829 4462 c.
841 4415 891 4462 xiii.

158 4502 195 4563 (³)
207 4504 256 4550 Act
266 4503 285 4550 l.
295 4518 315 4549 c.
327 4502 401 4550 lrviii.
414 4491 471 4548 tom‘.
492 4501 526 4548 ll.
538 4499 582 4546 col.
596 4499 669 4548 Haud.
679 4518 750 4565 supra
764 4519 785 4564 p.
797 4503 849 4550 165.
886 4550 889 4556 ,
973 4490 976 4496 ⁴

157 4586 194 4647 (4)
205 4586 264 4635 Cod.
276 4585 367 4634 Tirood.
380 4586 416 4633 tit.
428 4586 457 4633 de
468 4585 581 4648 episcopo
591 4591 615 4634 et
626 4585 729 4634 clericis.
751 4585 779 4634 1..
788 4589 963 4637 conventicula.
